url,name,asin,image,price,isPrime,offer,customerReview,customerReviewCount
https://www.amazon.com/essentials-Feminine-Cranberry-Prebiotics-Chamomile/dp/B0072K2BMG/ref=sr_1_1?dib=eyJ2IjoiMSJ9.HkO9roIJIb5khKuei28lXeyifPEy232BzW2IiJuTp4BZTbR5zDXWFJalfRGuLYhUN1bWx7GvYBTpdC4jPobQYvoM0XOv1Y4EKW7n0TLXoZNRdpyYop64CMaMocm3L3qkpjhN8m8Cl8KLTFsMD6H5qOnNGT4LZFWO8KIKE324MY-PGgc8kO20HzPSc66l0A8EwVlip5hpXKrlgkppVU6jwbTMnh2wEiQexaWXRpzTnkr82ONKTMXRkZNJmCAbcsFmorwYviEq9rU75JeypG9VJVDYrxrHnUjs6nZky3TAYuQ.nozjMABeAu7QhwfSoyGEv89dt-1RIL3flPDW24FfsIo&dib_tag=se&keywords=feminine+wash&qid=1708002940&sr=8-1,"vH essentials, Ph Balanced Daily Feminine Wash, Tea Tree Oil & Prebiotic, 6, Fl Oz, (Pack Of 1) 54306 Clear",B0072K2BMG,https://m.media-amazon.com/images/I/51Tm5Jc9CVL._AC_UL320_.jpg,$6.99,True,$6.64 with Subscribe & Save discountSave 5% on 4 select item(s)$1.17,4.5 out of 5 stars,21303
https://www.amazon.com/Summers-Eve-Blissful-Escape-Cleansing/dp/B07F17Z14H/ref=sr_1_2?dib=eyJ2IjoiMSJ9.HkO9roIJIb5khKuei28lXeyifPEy232BzW2IiJuTp4BZTbR5zDXWFJalfRGuLYhUN1bWx7GvYBTpdC4jPobQYvoM0XOv1Y4EKW7n0TLXoZNRdpyYop64CMaMocm3L3qkpjhN8m8Cl8KLTFsMD6H5qOnNGT4LZFWO8KIKE324MY-PGgc8kO20HzPSc66l0A8EwVlip5hpXKrlgkppVU6jwbTMnh2wEiQexaWXRpzTnkr82ONKTMXRkZNJmCAbcsFmorwYviEq9rU75JeypG9VJVDYrxrHnUjs6nZky3TAYuQ.nozjMABeAu7QhwfSoyGEv89dt-1RIL3flPDW24FfsIo&dib_tag=se&keywords=feminine+wash&qid=1708002940&rdc=1&sr=8-2,"Summer's Eve Blissful Escape Daily Refreshing All Over Feminine Body Wash, Removes Odor, Feminine Wash pH Balanced, 15 fl oz",B07F17Z14H,https://m.media-amazon.com/images/I/61X+eIMvqsL._AC_UL320_.jpg,2 sizes,True,$4.26 with Subscribe & Save discount<label>Extra 20% off</label> when you subscribeExtra 20% off when you subscribe$0.30,4.7 out of 5 stars,19496
https://www.amazon.com/Summers-Eve-Cleansing-Fragrance-Gynecologist/dp/B07P57277K/ref=sr_1_3?dib=eyJ2IjoiMSJ9.HkO9roIJIb5khKuei28lXeyifPEy232BzW2IiJuTp4BZTbR5zDXWFJalfRGuLYhUN1bWx7GvYBTpdC4jPobQYvoM0XOv1Y4EKW7n0TLXoZNRdpyYop64CMaMocm3L3qkpjhN8m8Cl8KLTFsMD6H5qOnNGT4LZFWO8KIKE324MY-PGgc8kO20HzPSc66l0A8EwVlip5hpXKrlgkppVU6jwbTMnh2wEiQexaWXRpzTnkr82ONKTMXRkZNJmCAbcsFmorwYviEq9rU75JeypG9VJVDYrxrHnUjs6nZky3TAYuQ.nozjMABeAu7QhwfSoyGEv89dt-1RIL3flPDW24FfsIo&dib_tag=se&keywords=feminine+wash&qid=1708002940&rdc=1&sr=8-3,"Summer's Eve Fragrance Free Gentle Daily All Over Feminine Body Wash, Removes Odor, Feminine Wash pH Balanced, 15 fl oz",B07P57277K,https://m.media-amazon.com/images/I/61gakhM0b3L._AC_UL320_.jpg,"3 sizes, 2 scents",True,$4.26 with Subscribe & Save discount<label>Extra 20% off</label> when you subscribeExtra 20% off when you subscribe$0.30,4.7 out of 5 stars,20662
https://www.amazon.com/sspa/click?ie=UTF8&spc=MTozMzY3NTYxMjc5MTM0MDQ1OjE3MDgwMDI5NDA6c3Bfc2VhcmNoX3RoZW1hdGljOjIwMDAyNzkwMjExODAzMTo6MDo6&url=%2FSummers-Eve-Fragrance-Feminine-Balanced%2Fdp%2FB07TS8XY8B%2Fref%3Dsxin_14_pa_sp_search_thematic_sspa%3Fcontent-id%3Damzn1.sym.9877e0e3-4e2c-4fe3-bc39-5d1afac8a97a%253Aamzn1.sym.9877e0e3-4e2c-4fe3-bc39-5d1afac8a97a%26cv_ct_cx%3Dfeminine%2Bwash%26dib%3DeyJ2IjoiMSJ9.6m55vPKk-Rx9091dnAI2M86xBpTcxVmjpsiqqV046UnnuwoWzVokCjVUR7cH50lhwmhd32Pr4tS3KLNIeFBANA.0vBHfE1cxvjWNuLBu93H-apxc6PSTKlZI4IyTF8jtW0%26dib_tag%3Dse%26keywords%3Dfeminine%2Bwash%26pd_rd_i%3DB07TS8XY8B%26pd_rd_r%3Db9c6e09a-f048-4a3b-a705-7ceff5806699%26pd_rd_w%3DO3qAa%26pd_rd_wg%3DbugSQ%26pf_rd_p%3D9877e0e3-4e2c-4fe3-bc39-5d1afac8a97a%26pf_rd_r%3DWD8A4DPWHJPAM1WY1QZB%26qid%3D1708002940%26sbo%3DRZvfv%252F%252FHxDF%252BO5021pAnSA%253D%253D%26sr%3D1-1-2c727eeb-987f-452f-86bd-c2978cc9d8b9-spons%26sp_csd%3Dd2lkZ2V0TmFtZT1zcF9zZWFyY2hfdGhlbWF0aWM%26psc%3D1,"Summer's Eve Fragrance Free Gentle Daily All Over Feminine Body Wash, Removes Odor, Feminine Wash pH Balanced, 15 fl oz, 3 Pack",B07TS8XY8B,https://m.media-amazon.com/images/I/71boxF-hYoL._AC_UL320_.jpg,$11.97,True,$11.37 with Subscribe & Save discountSave $15.00 when you buy $60.00 of select items$0.27,4.7 out of 5 stars,20662
https://www.amazon.com/sspa/click?ie=UTF8&spc=MTozMzY3NTYxMjc5MTM0MDQ1OjE3MDgwMDI5NDA6c3Bfc2VhcmNoX3RoZW1hdGljOjIwMDAyNzkwMjExNzYzMTo6MTo6&url=%2FSummers-Eve-pH-Balanced-Dermatologist-Gynecologist%2Fdp%2FB076HM2BRM%2Fref%3Dsxin_14_pa_sp_search_thematic_sspa%3Fcontent-id%3Damzn1.sym.9877e0e3-4e2c-4fe3-bc39-5d1afac8a97a%253Aamzn1.sym.9877e0e3-4e2c-4fe3-bc39-5d1afac8a97a%26cv_ct_cx%3Dfeminine%2Bwash%26dib%3DeyJ2IjoiMSJ9.6m55vPKk-Rx9091dnAI2M86xBpTcxVmjpsiqqV046UnnuwoWzVokCjVUR7cH50lhwmhd32Pr4tS3KLNIeFBANA.0vBHfE1cxvjWNuLBu93H-apxc6PSTKlZI4IyTF8jtW0%26dib_tag%3Dse%26keywords%3Dfeminine%2Bwash%26pd_rd_i%3DB076HM2BRM%26pd_rd_r%3Db9c6e09a-f048-4a3b-a705-7ceff5806699%26pd_rd_w%3DO3qAa%26pd_rd_wg%3DbugSQ%26pf_rd_p%3D9877e0e3-4e2c-4fe3-bc39-5d1afac8a97a%26pf_rd_r%3DWD8A4DPWHJPAM1WY1QZB%26qid%3D1708002940%26sbo%3DRZvfv%252F%252FHxDF%252BO5021pAnSA%253D%253D%26sr%3D1-2-2c727eeb-987f-452f-86bd-c2978cc9d8b9-spons%26sp_csd%3Dd2lkZ2V0TmFtZT1zcF9zZWFyY2hfdGhlbWF0aWM%26psc%3D1,"Summer's Eve Simply Sensitive Daily Gentle All Over Feminine Body Wash, Removes Odor, Feminine Wash pH Balanced, 15 fl oz, 3 Pack",B076HM2BRM,https://m.media-amazon.com/images/I/71bE8Km0I1L._AC_UL320_.jpg,$13.44,True,$12.77 with Subscribe & Save discountSave $15.00 when you buy $60.00 of select items$0.30,4.7 out of 5 stars,10994
https://www.amazon.com/sspa/click?ie=UTF8&spc=MTozMzY3NTYxMjc5MTM0MDQ1OjE3MDgwMDI5NDA6c3Bfc2VhcmNoX3RoZW1hdGljOjIwMDAyNzkwMjExODkzMTo6Mjo6&url=%2FSummers-Eve-Cleansing-Blissful-Gynecologist%2Fdp%2FB07TTDD7FL%2Fref%3Dsxin_14_pa_sp_search_thematic_sspa%3Fcontent-id%3Damzn1.sym.9877e0e3-4e2c-4fe3-bc39-5d1afac8a97a%253Aamzn1.sym.9877e0e3-4e2c-4fe3-bc39-5d1afac8a97a%26cv_ct_cx%3Dfeminine%2Bwash%26dib%3DeyJ2IjoiMSJ9.6m55vPKk-Rx9091dnAI2M86xBpTcxVmjpsiqqV046UnnuwoWzVokCjVUR7cH50lhwmhd32Pr4tS3KLNIeFBANA.0vBHfE1cxvjWNuLBu93H-apxc6PSTKlZI4IyTF8jtW0%26dib_tag%3Dse%26keywords%3Dfeminine%2Bwash%26pd_rd_i%3DB07TTDD7FL%26pd_rd_r%3Db9c6e09a-f048-4a3b-a705-7ceff5806699%26pd_rd_w%3DO3qAa%26pd_rd_wg%3DbugSQ%26pf_rd_p%3D9877e0e3-4e2c-4fe3-bc39-5d1afac8a97a%26pf_rd_r%3DWD8A4DPWHJPAM1WY1QZB%26qid%3D1708002940%26sbo%3DRZvfv%252F%252FHxDF%252BO5021pAnSA%253D%253D%26sr%3D1-3-2c727eeb-987f-452f-86bd-c2978cc9d8b9-spons%26sp_csd%3Dd2lkZ2V0TmFtZT1zcF9zZWFyY2hfdGhlbWF0aWM%26psc%3D1,"Summer's Eve Blissful Escape Daily Refreshing All Over Feminine Body Wash, Removes Odor, Feminine Wash pH Balanced, 15 Fl Oz (Pack of 3)",B07TTDD7FL,https://m.media-amazon.com/images/I/71jIVqBSw3L._AC_UL320_.jpg,$13.47,True,$12.80 with Subscribe & Save discount$0.30,4.7 out of 5 stars,19496
https://www.amazon.com/sspa/click?ie=UTF8&spc=MTozMzY3NTYxMjc5MTM0MDQ1OjE3MDgwMDI5NDA6c3Bfc2VhcmNoX3RoZW1hdGljOjIwMDA1NjkxNzIwNzIzMTo6Mzo6&url=%2FSummers-Eve-Feminine-Cleansing-Eucalyptus%2Fdp%2FB08GT84FQS%2Fref%3Dsxin_14_pa_sp_search_thematic_sspa%3Fcontent-id%3Damzn1.sym.9877e0e3-4e2c-4fe3-bc39-5d1afac8a97a%253Aamzn1.sym.9877e0e3-4e2c-4fe3-bc39-5d1afac8a97a%26cv_ct_cx%3Dfeminine%2Bwash%26dib%3DeyJ2IjoiMSJ9.6m55vPKk-Rx9091dnAI2M86xBpTcxVmjpsiqqV046UnnuwoWzVokCjVUR7cH50lhwmhd32Pr4tS3KLNIeFBANA.0vBHfE1cxvjWNuLBu93H-apxc6PSTKlZI4IyTF8jtW0%26dib_tag%3Dse%26keywords%3Dfeminine%2Bwash%26pd_rd_i%3DB08GT84FQS%26pd_rd_r%3Db9c6e09a-f048-4a3b-a705-7ceff5806699%26pd_rd_w%3DO3qAa%26pd_rd_wg%3DbugSQ%26pf_rd_p%3D9877e0e3-4e2c-4fe3-bc39-5d1afac8a97a%26pf_rd_r%3DWD8A4DPWHJPAM1WY1QZB%26qid%3D1708002940%26sbo%3DRZvfv%252F%252FHxDF%252BO5021pAnSA%253D%253D%26sr%3D1-4-2c727eeb-987f-452f-86bd-c2978cc9d8b9-spons%26sp_csd%3Dd2lkZ2V0TmFtZT1zcF9zZWFyY2hfdGhlbWF0aWM%26psc%3D1,"Summer's Eve Active Daily Performance All Over Feminine Body Wash, Feminine Wash pH Balanced, 12 fl oz bottle 3 Pack",B08GT84FQS,https://m.media-amazon.com/images/I/713dx8LhUFL._AC_UL320_.jpg,$18.87,True,$17.93 with Subscribe & Save discountSave $15.00 when you buy $60.00 of select items$0.52,4.7 out of 5 stars,2164
https://www.amazon.com/sspa/click?ie=UTF8&spc=MTozMzY3NTYxMjc5MTM0MDQ1OjE3MDgwMDI5NDA6c3Bfc2VhcmNoX3RoZW1hdGljOjIwMDAxNDQ5NzE5Mzc3MTo6NDo6&url=%2FVagisil-Scentsitive-Intimate-Feminine-Vaginal%2Fdp%2FB07T755C1P%2Fref%3Dsxin_14_pa_sp_search_thematic_sspa%3Fcontent-id%3Damzn1.sym.9877e0e3-4e2c-4fe3-bc39-5d1afac8a97a%253Aamzn1.sym.9877e0e3-4e2c-4fe3-bc39-5d1afac8a97a%26cv_ct_cx%3Dfeminine%2Bwash%26dib%3DeyJ2IjoiMSJ9.6m55vPKk-Rx9091dnAI2M86xBpTcxVmjpsiqqV046UnnuwoWzVokCjVUR7cH50lhwmhd32Pr4tS3KLNIeFBANA.0vBHfE1cxvjWNuLBu93H-apxc6PSTKlZI4IyTF8jtW0%26dib_tag%3Dse%26keywords%3Dfeminine%2Bwash%26pd_rd_i%3DB07T755C1P%26pd_rd_r%3Db9c6e09a-f048-4a3b-a705-7ceff5806699%26pd_rd_w%3DO3qAa%26pd_rd_wg%3DbugSQ%26pf_rd_p%3D9877e0e3-4e2c-4fe3-bc39-5d1afac8a97a%26pf_rd_r%3DWD8A4DPWHJPAM1WY1QZB%26qid%3D1708002940%26sbo%3DRZvfv%252F%252FHxDF%252BO5021pAnSA%253D%253D%26sr%3D1-5-2c727eeb-987f-452f-86bd-c2978cc9d8b9-spons%26sp_csd%3Dd2lkZ2V0TmFtZT1zcF9zZWFyY2hfdGhlbWF0aWM%26psc%3D1,"Vagisil Feminine Wash for Intimate Area Hygiene, Scentsitive Scents, pH Balanced and Gynecologist Tested, White Jasmine, 12 oz (Pack of 3)",B07T755C1P,https://m.media-amazon.com/images/I/81bsV5hZR6L._AC_UL320_.jpg,$12.52,True,Save more with Subscribe & Save$0.35,4.7 out of 5 stars,12971
https://www.amazon.com/Summers-Eve-pH-Balanced-Dermatologist-Gynecologist/dp/B076HM2BRM/ref=sr_1_4?dib=eyJ2IjoiMSJ9.HkO9roIJIb5khKuei28lXeyifPEy232BzW2IiJuTp4BZTbR5zDXWFJalfRGuLYhUN1bWx7GvYBTpdC4jPobQYvoM0XOv1Y4EKW7n0TLXoZNRdpyYop64CMaMocm3L3qkpjhN8m8Cl8KLTFsMD6H5qOnNGT4LZFWO8KIKE324MY-PGgc8kO20HzPSc66l0A8EwVlip5hpXKrlgkppVU6jwbTMnh2wEiQexaWXRpzTnkr82ONKTMXRkZNJmCAbcsFmorwYviEq9rU75JeypG9VJVDYrxrHnUjs6nZky3TAYuQ.nozjMABeAu7QhwfSoyGEv89dt-1RIL3flPDW24FfsIo&dib_tag=se&keywords=feminine+wash&qid=1708002940&sr=8-4,"Summer's Eve Simply Sensitive Daily Gentle All Over Feminine Body Wash, Removes Odor, Feminine Wash pH Balanced, 15 fl oz, 3 Pack",B076HM2BRM,https://m.media-amazon.com/images/I/71bE8Km0I1L._AC_UL320_.jpg,2 sizes,True,$12.77 with Subscribe & Save discountSave $15.00 when you buy $60.00 of select items$0.30,4.7 out of 5 stars,10994
https://www.amazon.com/Honey-Pot-Company-Feminine-Sensitive/dp/B0BTH7FGR5/ref=sr_1_5_mod_primary_new?dib=eyJ2IjoiMSJ9.HkO9roIJIb5khKuei28lXeyifPEy232BzW2IiJuTp4BZTbR5zDXWFJalfRGuLYhUN1bWx7GvYBTpdC4jPobQYvoM0XOv1Y4EKW7n0TLXoZNRdpyYop64CMaMocm3L3qkpjhN8m8Cl8KLTFsMD6H5qOnNGT4LZFWO8KIKE324MY-PGgc8kO20HzPSc66l0A8EwVlip5hpXKrlgkppVU6jwbTMnh2wEiQexaWXRpzTnkr82ONKTMXRkZNJmCAbcsFmorwYviEq9rU75JeypG9VJVDYrxrHnUjs6nZky3TAYuQ.nozjMABeAu7QhwfSoyGEv89dt-1RIL3flPDW24FfsIo&dib_tag=se&keywords=feminine+wash&qid=1708002940&sbo=RZvfv%2F%2FHxDF%2BO5021pAnSA%3D%3D&sr=8-5,The Honey Pot Company - Feminine Wash - Herbal Infused Feminine Hygiene Wash for Sensitive Skin Types - PH Balanced Plant Based Feminine Products - Normal - 5.51 Fluid Oz.,B0BTH7FGR5,https://m.media-amazon.com/images/I/61pv1dFmDyL._AC_UL320_.jpg,2 scents,True,List:$1.63,4.7 out of 5 stars,431
https://www.amazon.com/Monistat-Maintain-Feminine-Boric-Fragrance/dp/B08QPQ1P7G/ref=sr_1_6?dib=eyJ2IjoiMSJ9.HkO9roIJIb5khKuei28lXeyifPEy232BzW2IiJuTp4BZTbR5zDXWFJalfRGuLYhUN1bWx7GvYBTpdC4jPobQYvoM0XOv1Y4EKW7n0TLXoZNRdpyYop64CMaMocm3L3qkpjhN8m8Cl8KLTFsMD6H5qOnNGT4LZFWO8KIKE324MY-PGgc8kO20HzPSc66l0A8EwVlip5hpXKrlgkppVU6jwbTMnh2wEiQexaWXRpzTnkr82ONKTMXRkZNJmCAbcsFmorwYviEq9rU75JeypG9VJVDYrxrHnUjs6nZky3TAYuQ.nozjMABeAu7QhwfSoyGEv89dt-1RIL3flPDW24FfsIo&dib_tag=se&keywords=feminine+wash&qid=1708002940&rdc=1&sr=8-6,"Monistat Boric Acid Feminine Cleanser, Fragrance Free Feminine Wash, 10 Fl Oz, 1 Pack",B08QPQ1P7G,https://m.media-amazon.com/images/I/61TIZZr-+7L._AC_UL320_.jpg,2 sizes,True,$4.73 with Subscribe & Save discount<label>Extra 20% off</label> when you subscribeExtra 20% off when you subscribe$0.50,4.6 out of 5 stars,7892
https://www.amazon.com/Vagisil-Balanced-Intimate-Gynecologist-Hypoallergenic/dp/B085WGLCWT/ref=sr_1_7?dib=eyJ2IjoiMSJ9.HkO9roIJIb5khKuei28lXeyifPEy232BzW2IiJuTp4BZTbR5zDXWFJalfRGuLYhUN1bWx7GvYBTpdC4jPobQYvoM0XOv1Y4EKW7n0TLXoZNRdpyYop64CMaMocm3L3qkpjhN8m8Cl8KLTFsMD6H5qOnNGT4LZFWO8KIKE324MY-PGgc8kO20HzPSc66l0A8EwVlip5hpXKrlgkppVU6jwbTMnh2wEiQexaWXRpzTnkr82ONKTMXRkZNJmCAbcsFmorwYviEq9rU75JeypG9VJVDYrxrHnUjs6nZky3TAYuQ.nozjMABeAu7QhwfSoyGEv89dt-1RIL3flPDW24FfsIo&dib_tag=se&keywords=feminine+wash&qid=1708002940&sr=8-7,"Vagisil Feminine Wash for Intimate Area Hygiene, pH Balance, Gynecologist Tested, Hypoallergenic, 12 oz, (Pack of 3)",B085WGLCWT,https://m.media-amazon.com/images/I/81hoJvaHKoL._AC_UL320_.jpg,2 sizes,True,$13.29 with Subscribe & Save discount$0.39,4.7 out of 5 stars,14838
https://www.amazon.com/Vagisil-Block-Daily-Intimate-Vaginal/dp/B00GS6ORQI/ref=sr_1_8?dib=eyJ2IjoiMSJ9.HkO9roIJIb5khKuei28lXeyifPEy232BzW2IiJuTp4BZTbR5zDXWFJalfRGuLYhUN1bWx7GvYBTpdC4jPobQYvoM0XOv1Y4EKW7n0TLXoZNRdpyYop64CMaMocm3L3qkpjhN8m8Cl8KLTFsMD6H5qOnNGT4LZFWO8KIKE324MY-PGgc8kO20HzPSc66l0A8EwVlip5hpXKrlgkppVU6jwbTMnh2wEiQexaWXRpzTnkr82ONKTMXRkZNJmCAbcsFmorwYviEq9rU75JeypG9VJVDYrxrHnUjs6nZky3TAYuQ.nozjMABeAu7QhwfSoyGEv89dt-1RIL3flPDW24FfsIo&dib_tag=se&keywords=feminine+wash&qid=1708002940&sr=8-8,"Vagisil Feminine Wash for Intimate Area Hygiene, Odor Block, Gynecologist Tested, Hypoallergenic, 12 oz, (Pack of 1)",B00GS6ORQI,https://m.media-amazon.com/images/I/718sPOcQLlL._AC_UL320_.jpg,"2 sizes, 4 scents",True,Save more with Subscribe & SaveSave 5% on 4 select item(s)$0.38,4.6 out of 5 stars,15919
https://www.amazon.com/Summers-Eve-Feminine-Cleansing-Glamour/dp/B084DLGM5G/ref=sr_1_9?dib=eyJ2IjoiMSJ9.HkO9roIJIb5khKuei28lXeyifPEy232BzW2IiJuTp4BZTbR5zDXWFJalfRGuLYhUN1bWx7GvYBTpdC4jPobQYvoM0XOv1Y4EKW7n0TLXoZNRdpyYop64CMaMocm3L3qkpjhN8m8Cl8KLTFsMD6H5qOnNGT4LZFWO8KIKE324MY-PGgc8kO20HzPSc66l0A8EwVlip5hpXKrlgkppVU6jwbTMnh2wEiQexaWXRpzTnkr82ONKTMXRkZNJmCAbcsFmorwYviEq9rU75JeypG9VJVDYrxrHnUjs6nZky3TAYuQ.nozjMABeAu7QhwfSoyGEv89dt-1RIL3flPDW24FfsIo&dib_tag=se&keywords=feminine+wash&qid=1708002940&rdc=1&sr=8-9,"Summer's Eve Golden Glamour Daily Refreshing All Over Feminine Body Wash, Removes Odor, Feminine Wash pH Balanced, 15 fl oz",B084DLGM5G,https://m.media-amazon.com/images/I/611NhW625uL._AC_UL320_.jpg,2 scents,True,$4.08 with Subscribe & Save discount<label>Extra 20% off</label> when you subscribeExtra 20% off when you subscribe$0.29,4.7 out of 5 stars,9780
https://www.amazon.com/Summers-Eve-Ultimate-Control-Feminine/dp/B0CLX6BXNR/ref=sr_1_10?dib=eyJ2IjoiMSJ9.HkO9roIJIb5khKuei28lXeyifPEy232BzW2IiJuTp4BZTbR5zDXWFJalfRGuLYhUN1bWx7GvYBTpdC4jPobQYvoM0XOv1Y4EKW7n0TLXoZNRdpyYop64CMaMocm3L3qkpjhN8m8Cl8KLTFsMD6H5qOnNGT4LZFWO8KIKE324MY-PGgc8kO20HzPSc66l0A8EwVlip5hpXKrlgkppVU6jwbTMnh2wEiQexaWXRpzTnkr82ONKTMXRkZNJmCAbcsFmorwYviEq9rU75JeypG9VJVDYrxrHnUjs6nZky3TAYuQ.nozjMABeAu7QhwfSoyGEv89dt-1RIL3flPDW24FfsIo&dib_tag=se&keywords=feminine+wash&qid=1708002940&sr=8-10,"Summer's Eve, Ultimate Odor Control, Feminine Body Wash with Boric Acid, Removes Odor, Feminine Wash with pH Balance, 15 Fl Oz",B0CLX6BXNR,https://m.media-amazon.com/images/I/61NAA+ciMRL._AC_UL320_.jpg,$4.98,True,($0.33$0.33/Fl Oz)$0.33,4.6 out of 5 stars,15
https://www.amazon.com/Summers-Eve-pH-Balanced-Dermatologist-Gynecologist/dp/B00RENOWXM/ref=sr_1_11?dib=eyJ2IjoiMSJ9.HkO9roIJIb5khKuei28lXeyifPEy232BzW2IiJuTp4BZTbR5zDXWFJalfRGuLYhUN1bWx7GvYBTpdC4jPobQYvoM0XOv1Y4EKW7n0TLXoZNRdpyYop64CMaMocm3L3qkpjhN8m8Cl8KLTFsMD6H5qOnNGT4LZFWO8KIKE324MY-PGgc8kO20HzPSc66l0A8EwVlip5hpXKrlgkppVU6jwbTMnh2wEiQexaWXRpzTnkr82ONKTMXRkZNJmCAbcsFmorwYviEq9rU75JeypG9VJVDYrxrHnUjs6nZky3TAYuQ.nozjMABeAu7QhwfSoyGEv89dt-1RIL3flPDW24FfsIo&dib_tag=se&keywords=feminine+wash&qid=1708002940&rdc=1&sr=8-11,"Summer's Eve Lavender Night-time Daily Refreshing All Over Feminine Body Wash, Removes Odor, Feminine Wash pH Balanced, 12 fl oz",B00RENOWXM,https://m.media-amazon.com/images/I/61CET3BLhBL._AC_UL320_.jpg,$4.98,True,$4.73 with Subscribe & Save discount<label>Extra 20% off</label> when you subscribeExtra 20% off when you subscribe$0.42,4.7 out of 5 stars,14534
https://www.amazon.com/Rael-Natural-Feminine-Cleansing-Wash/dp/B07VWCZ35R/ref=sr_1_12?dib=eyJ2IjoiMSJ9.HkO9roIJIb5khKuei28lXeyifPEy232BzW2IiJuTp4BZTbR5zDXWFJalfRGuLYhUN1bWx7GvYBTpdC4jPobQYvoM0XOv1Y4EKW7n0TLXoZNRdpyYop64CMaMocm3L3qkpjhN8m8Cl8KLTFsMD6H5qOnNGT4LZFWO8KIKE324MY-PGgc8kO20HzPSc66l0A8EwVlip5hpXKrlgkppVU6jwbTMnh2wEiQexaWXRpzTnkr82ONKTMXRkZNJmCAbcsFmorwYviEq9rU75JeypG9VJVDYrxrHnUjs6nZky3TAYuQ.nozjMABeAu7QhwfSoyGEv89dt-1RIL3flPDW24FfsIo&dib_tag=se&keywords=feminine+wash&qid=1708002940&sr=8-12,"Rael Feminine Wash, Foaming Cleansing Wash - pH Balance Intimate Wash Women, Uscented, Sensitive Skin, All Skin Types, Vegan, Cruelty Free (5oz, 4 Pack)",B07VWCZ35R,https://m.media-amazon.com/images/I/71Y4ubZ02CL._AC_UL320_.jpg,2 sizes,True,$28.49 with Subscribe & Save discount$1.50,4.8 out of 5 stars,259
https://www.amazon.com/Fragrance-Feminine-Balanced-Fragrances-Sulfates/dp/B093YFVF9D/ref=sr_1_13?dib=eyJ2IjoiMSJ9.HkO9roIJIb5khKuei28lXeyifPEy232BzW2IiJuTp4BZTbR5zDXWFJalfRGuLYhUN1bWx7GvYBTpdC4jPobQYvoM0XOv1Y4EKW7n0TLXoZNRdpyYop64CMaMocm3L3qkpjhN8m8Cl8KLTFsMD6H5qOnNGT4LZFWO8KIKE324MY-PGgc8kO20HzPSc66l0A8EwVlip5hpXKrlgkppVU6jwbTMnh2wEiQexaWXRpzTnkr82ONKTMXRkZNJmCAbcsFmorwYviEq9rU75JeypG9VJVDYrxrHnUjs6nZky3TAYuQ.nozjMABeAu7QhwfSoyGEv89dt-1RIL3flPDW24FfsIo&dib_tag=se&keywords=feminine+wash&qid=1708002940&sr=8-13,"L. Fragrance Free Period Care Foaming Wash, pH Balanced, Free from Fragrances, Sulfates or Parabens, 6 oz",B093YFVF9D,https://m.media-amazon.com/images/I/71i-ZcIOD1L._AC_UL320_.jpg,$8.65,True,Save 5% on 4 select item(s)$1.44,4.6 out of 5 stars,294
https://www.amazon.com/Organyc-Intimate-Sensitive-Fluid-Ounce/dp/B00QFP2CVE/ref=sr_1_14?dib=eyJ2IjoiMSJ9.HkO9roIJIb5khKuei28lXeyifPEy232BzW2IiJuTp4BZTbR5zDXWFJalfRGuLYhUN1bWx7GvYBTpdC4jPobQYvoM0XOv1Y4EKW7n0TLXoZNRdpyYop64CMaMocm3L3qkpjhN8m8Cl8KLTFsMD6H5qOnNGT4LZFWO8KIKE324MY-PGgc8kO20HzPSc66l0A8EwVlip5hpXKrlgkppVU6jwbTMnh2wEiQexaWXRpzTnkr82ONKTMXRkZNJmCAbcsFmorwYviEq9rU75JeypG9VJVDYrxrHnUjs6nZky3TAYuQ.nozjMABeAu7QhwfSoyGEv89dt-1RIL3flPDW24FfsIo&dib_tag=se&keywords=feminine+wash&qid=1708002940&sr=8-14,"Organyc Feminine Intimate Wash for Sensitive Skin with Chamomile, Free from Chlorine, Parabens, SLS/SLES, and Synthetic Perfumes 8.5 Fluid Ounce",B00QFP2CVE,https://m.media-amazon.com/images/I/61K7mvJ6ekL._AC_UL320_.jpg,3 scents,True,$5.69 with Subscribe & Save discount$0.70,4.5 out of 5 stars,5349
https://www.amazon.com/Femfresh-Intimate-Hygiene-Daily-250Ml/dp/B004ZWNKFQ/ref=sr_1_15_mod_primary_new?dib=eyJ2IjoiMSJ9.HkO9roIJIb5khKuei28lXeyifPEy232BzW2IiJuTp4BZTbR5zDXWFJalfRGuLYhUN1bWx7GvYBTpdC4jPobQYvoM0XOv1Y4EKW7n0TLXoZNRdpyYop64CMaMocm3L3qkpjhN8m8Cl8KLTFsMD6H5qOnNGT4LZFWO8KIKE324MY-PGgc8kO20HzPSc66l0A8EwVlip5hpXKrlgkppVU6jwbTMnh2wEiQexaWXRpzTnkr82ONKTMXRkZNJmCAbcsFmorwYviEq9rU75JeypG9VJVDYrxrHnUjs6nZky3TAYuQ.nozjMABeAu7QhwfSoyGEv89dt-1RIL3flPDW24FfsIo&dib_tag=se&keywords=feminine+wash&qid=1708002940&sbo=RZvfv%2F%2FHxDF%2BO5021pAnSA%3D%3D&sr=8-15,Femfresh Intimate Hygiene Daily Intimate Wash 250Ml,B004ZWNKFQ,https://m.media-amazon.com/images/I/51QVP9ITEbL._AC_UL320_.jpg,2 sizes,False,($1.06$1.06/Fl Oz)$1.06,4.5 out of 5 stars,11268
https://www.amazon.com/Vagisil-Scentsitive-Feminine-Intimate-Vaginal/dp/B07BP9THZJ/ref=sr_1_16?dib=eyJ2IjoiMSJ9.HkO9roIJIb5khKuei28lXeyifPEy232BzW2IiJuTp4BZTbR5zDXWFJalfRGuLYhUN1bWx7GvYBTpdC4jPobQYvoM0XOv1Y4EKW7n0TLXoZNRdpyYop64CMaMocm3L3qkpjhN8m8Cl8KLTFsMD6H5qOnNGT4LZFWO8KIKE324MY-PGgc8kO20HzPSc66l0A8EwVlip5hpXKrlgkppVU6jwbTMnh2wEiQexaWXRpzTnkr82ONKTMXRkZNJmCAbcsFmorwYviEq9rU75JeypG9VJVDYrxrHnUjs6nZky3TAYuQ.nozjMABeAu7QhwfSoyGEv89dt-1RIL3flPDW24FfsIo&dib_tag=se&keywords=feminine+wash&qid=1708002940&sr=8-16,"Vagisil Feminine Wash for Intimate Area Hygiene, Scentsitive Scents, pH Balanced and Gynecologist Tested, Peach Blossom, 12 oz (Pack of 1)",B07BP9THZJ,https://m.media-amazon.com/images/I/81b3lQSCXZL._AC_UL320_.jpg,"2 sizes, 3 scents",True,Save more with Subscribe & SaveSave 5% on 4 select item(s)$0.38,4.7 out of 5 stars,7805
https://www.amazon.com/vH-essentials-Daily-Feminine-Wash/dp/B0BTQ7QKXT/ref=sr_1_17?dib=eyJ2IjoiMSJ9.HkO9roIJIb5khKuei28lXeyifPEy232BzW2IiJuTp4BZTbR5zDXWFJalfRGuLYhUN1bWx7GvYBTpdC4jPobQYvoM0XOv1Y4EKW7n0TLXoZNRdpyYop64CMaMocm3L3qkpjhN8m8Cl8KLTFsMD6H5qOnNGT4LZFWO8KIKE324MY-PGgc8kO20HzPSc66l0A8EwVlip5hpXKrlgkppVU6jwbTMnh2wEiQexaWXRpzTnkr82ONKTMXRkZNJmCAbcsFmorwYviEq9rU75JeypG9VJVDYrxrHnUjs6nZky3TAYuQ.nozjMABeAu7QhwfSoyGEv89dt-1RIL3flPDW24FfsIo&dib_tag=se&keywords=feminine+wash&qid=1708002940&sr=8-17,"vH essentials Daily Feminine Wash - Fragrance Free, Hypoallergenic with Tea Tree Oil & Prebiotic - For Ph Balance, Intimate Odor Block, Vaginal Health - Gentle Formula Body Care - 6 Fl Oz",B0BTQ7QKXT,https://m.media-amazon.com/images/I/51H5OrmMKdL._AC_UL320_.jpg,$6.99,True,$6.64 with Subscribe & Save discountSave 5% on 4 select item(s)$1.17,4.5 out of 5 stars,1166
https://www.amazon.com/Summers-Eve-Feminine-Cleansing-Refreshing/dp/B084DL9TGG/ref=sr_1_18?dib=eyJ2IjoiMSJ9.HkO9roIJIb5khKuei28lXeyifPEy232BzW2IiJuTp4BZTbR5zDXWFJalfRGuLYhUN1bWx7GvYBTpdC4jPobQYvoM0XOv1Y4EKW7n0TLXoZNRdpyYop64CMaMocm3L3qkpjhN8m8Cl8KLTFsMD6H5qOnNGT4LZFWO8KIKE324MY-PGgc8kO20HzPSc66l0A8EwVlip5hpXKrlgkppVU6jwbTMnh2wEiQexaWXRpzTnkr82ONKTMXRkZNJmCAbcsFmorwYviEq9rU75JeypG9VJVDYrxrHnUjs6nZky3TAYuQ.nozjMABeAu7QhwfSoyGEv89dt-1RIL3flPDW24FfsIo&dib_tag=se&keywords=feminine+wash&qid=1708002940&rdc=1&sr=8-18,"Summer's Eve Active Daily Performance All Over Feminine Body Wash, Feminine Wash pH Balanced, 12 fl oz",B084DL9TGG,https://m.media-amazon.com/images/I/71xRrbpGyqL._AC_UL320_.jpg,$6.29,True,$5.98 with Subscribe & Save discount<label>Extra 20% off</label> when you subscribeExtra 20% off when you subscribe$0.52,4.6 out of 5 stars,8221
https://www.amazon.com/Summers-Eve-Intimate-Luxurious-Cleansing/dp/B09PSS6N3R/ref=sr_1_19?dib=eyJ2IjoiMSJ9.HkO9roIJIb5khKuei28lXeyifPEy232BzW2IiJuTp4BZTbR5zDXWFJalfRGuLYhUN1bWx7GvYBTpdC4jPobQYvoM0XOv1Y4EKW7n0TLXoZNRdpyYop64CMaMocm3L3qkpjhN8m8Cl8KLTFsMD6H5qOnNGT4LZFWO8KIKE324MY-PGgc8kO20HzPSc66l0A8EwVlip5hpXKrlgkppVU6jwbTMnh2wEiQexaWXRpzTnkr82ONKTMXRkZNJmCAbcsFmorwYviEq9rU75JeypG9VJVDYrxrHnUjs6nZky3TAYuQ.nozjMABeAu7QhwfSoyGEv89dt-1RIL3flPDW24FfsIo&dib_tag=se&keywords=feminine+wash&qid=1708002940&sr=8-19,"Summer's Eve Spa Daily Intimate Wash, Luxurious Cleansing All Over Feminine Body Wash, Calming Chamomile pH-Balanced Feminine Wash, 12oz Bottle",B09PSS6N3R,https://m.media-amazon.com/images/I/61V4xM+B3rL._AC_UL320_.jpg,$7.48,True,$7.11 with Subscribe & Save discountSave 5% on 4 select item(s)$0.62,4.5 out of 5 stars,2109
https://www.amazon.com/Lemisol-Cleanser-Original-Refreshing-Formula/dp/B0033VAJ36/ref=sr_1_20?dib=eyJ2IjoiMSJ9.HkO9roIJIb5khKuei28lXeyifPEy232BzW2IiJuTp4BZTbR5zDXWFJalfRGuLYhUN1bWx7GvYBTpdC4jPobQYvoM0XOv1Y4EKW7n0TLXoZNRdpyYop64CMaMocm3L3qkpjhN8m8Cl8KLTFsMD6H5qOnNGT4LZFWO8KIKE324MY-PGgc8kO20HzPSc66l0A8EwVlip5hpXKrlgkppVU6jwbTMnh2wEiQexaWXRpzTnkr82ONKTMXRkZNJmCAbcsFmorwYviEq9rU75JeypG9VJVDYrxrHnUjs6nZky3TAYuQ.nozjMABeAu7QhwfSoyGEv89dt-1RIL3flPDW24FfsIo&dib_tag=se&keywords=feminine+wash&qid=1708002940&sr=8-20,"Lemisol Feminine Wash, Daily Cleanser, Hypoallergenic, 16 FL Oz, Bottle",B0033VAJ36,https://m.media-amazon.com/images/I/71D8zuYs9HL._AC_UL320_.jpg,"2 sizes, 2 scents",True,Save more with Subscribe & SaveSave 5% on 4 select item(s)$0.64,4.7 out of 5 stars,6566
https://www.amazon.com/SweetSpot-Labs-Balanced-Dermatologist-Gynecologist/dp/B01HEUTX4W/ref=sr_1_21?dib=eyJ2IjoiMSJ9.HkO9roIJIb5khKuei28lXeyifPEy232BzW2IiJuTp4BZTbR5zDXWFJalfRGuLYhUN1bWx7GvYBTpdC4jPobQYvoM0XOv1Y4EKW7n0TLXoZNRdpyYop64CMaMocm3L3qkpjhN8m8Cl8KLTFsMD6H5qOnNGT4LZFWO8KIKE324MY-PGgc8kO20HzPSc66l0A8EwVlip5hpXKrlgkppVU6jwbTMnh2wEiQexaWXRpzTnkr82ONKTMXRkZNJmCAbcsFmorwYviEq9rU75JeypG9VJVDYrxrHnUjs6nZky3TAYuQ.nozjMABeAu7QhwfSoyGEv89dt-1RIL3flPDW24FfsIo&dib_tag=se&keywords=feminine+wash&qid=1708002940&sr=8-21,"SweetSpot Labs Feminine Wash, Gentle Vanilla Blossom Scent, with Shea Butter and Aloe Vera, Sulfate Free, pH Balanced Womens Body Wash, 8 oz",B01HEUTX4W,https://m.media-amazon.com/images/I/61N-UWfIxUL._AC_UL320_.jpg,9 scents,True,$13.49 with Subscribe & Save discount$1.87,4.5 out of 5 stars,3742
https://www.amazon.com/Vagisil-Scentsitive-Feminine-Intimate-Vaginal/dp/B071LPD8KF/ref=sr_1_22?dib=eyJ2IjoiMSJ9.HkO9roIJIb5khKuei28lXeyifPEy232BzW2IiJuTp4BZTbR5zDXWFJalfRGuLYhUN1bWx7GvYBTpdC4jPobQYvoM0XOv1Y4EKW7n0TLXoZNRdpyYop64CMaMocm3L3qkpjhN8m8Cl8KLTFsMD6H5qOnNGT4LZFWO8KIKE324MY-PGgc8kO20HzPSc66l0A8EwVlip5hpXKrlgkppVU6jwbTMnh2wEiQexaWXRpzTnkr82ONKTMXRkZNJmCAbcsFmorwYviEq9rU75JeypG9VJVDYrxrHnUjs6nZky3TAYuQ.nozjMABeAu7QhwfSoyGEv89dt-1RIL3flPDW24FfsIo&dib_tag=se&keywords=feminine+wash&qid=1708002940&sr=8-22,"Vagisil Feminine Wash for Intimate Area Hygiene, Scentsitive Scents, pH Balanced and Gynecologist Tested, White Jasmine, 12 oz (Pack of 1)",B071LPD8KF,https://m.media-amazon.com/images/I/815QtYY1yrL._AC_UL320_.jpg,"2 sizes, 3 scents",True,Save more with Subscribe & SaveSave 5% on 4 select item(s)$0.47,4.7 out of 5 stars,12971
https://www.amazon.com/NutraBlast-Feminine-Supports-Cleanses-Discharge/dp/B09GWCWXC4/ref=sr_1_23?dib=eyJ2IjoiMSJ9.HkO9roIJIb5khKuei28lXeyifPEy232BzW2IiJuTp4BZTbR5zDXWFJalfRGuLYhUN1bWx7GvYBTpdC4jPobQYvoM0XOv1Y4EKW7n0TLXoZNRdpyYop64CMaMocm3L3qkpjhN8m8Cl8KLTFsMD6H5qOnNGT4LZFWO8KIKE324MY-PGgc8kO20HzPSc66l0A8EwVlip5hpXKrlgkppVU6jwbTMnh2wEiQexaWXRpzTnkr82ONKTMXRkZNJmCAbcsFmorwYviEq9rU75JeypG9VJVDYrxrHnUjs6nZky3TAYuQ.nozjMABeAu7QhwfSoyGEv89dt-1RIL3flPDW24FfsIo&dib_tag=se&keywords=feminine+wash&qid=1708002940&sr=8-23,NutraBlast So Fresh & Clean | pH Balance Feminine Wash with Boric Acid | Supports Odor Control | Cleanses Discharge | Promotes Healthy pH (10 fl oz),B09GWCWXC4,https://m.media-amazon.com/images/I/51E1WbG0T1L._AC_UL320_.jpg,$14.99,True,"$13.49 with Subscribe & Save discountBuy 2, save 5%$1.50",4.4 out of 5 stars,1432
https://www.amazon.com/Intimate-friendly-lemongrass-gynecologically-recyclable/dp/B07D4RPG6G/ref=sr_1_24?dib=eyJ2IjoiMSJ9.HkO9roIJIb5khKuei28lXeyifPEy232BzW2IiJuTp4BZTbR5zDXWFJalfRGuLYhUN1bWx7GvYBTpdC4jPobQYvoM0XOv1Y4EKW7n0TLXoZNRdpyYop64CMaMocm3L3qkpjhN8m8Cl8KLTFsMD6H5qOnNGT4LZFWO8KIKE324MY-PGgc8kO20HzPSc66l0A8EwVlip5hpXKrlgkppVU6jwbTMnh2wEiQexaWXRpzTnkr82ONKTMXRkZNJmCAbcsFmorwYviEq9rU75JeypG9VJVDYrxrHnUjs6nZky3TAYuQ.nozjMABeAu7QhwfSoyGEv89dt-1RIL3flPDW24FfsIo&dib_tag=se&keywords=feminine+wash&qid=1708002940&sr=8-24,"QUEEN V Queen it Up- Intimate Wash, pH friendly, daily use fresh and clean shower gel with lemongrass extract and lactic acid, gynecologically tested, recyclable bottle, 6.76 fl oz.",B07D4RPG6G,https://m.media-amazon.com/images/I/41w9xyfXeLL._AC_UL320_.jpg,3 sizes,True,($0.88$0.88/Fl Oz)$0.88,4.5 out of 5 stars,1714
https://www.amazon.com/pH-D-Feminine-Health-pH-Balanced-Paraben-Free/dp/B09RYMDP3F/ref=sr_1_25?dib=eyJ2IjoiMSJ9.HkO9roIJIb5khKuei28lXeyifPEy232BzW2IiJuTp4BZTbR5zDXWFJalfRGuLYhUN1bWx7GvYBTpdC4jPobQYvoM0XOv1Y4EKW7n0TLXoZNRdpyYop64CMaMocm3L3qkpjhN8m8Cl8KLTFsMD6H5qOnNGT4LZFWO8KIKE324MY-PGgc8kO20HzPSc66l0A8EwVlip5hpXKrlgkppVU6jwbTMnh2wEiQexaWXRpzTnkr82ONKTMXRkZNJmCAbcsFmorwYviEq9rU75JeypG9VJVDYrxrHnUjs6nZky3TAYuQ.nozjMABeAu7QhwfSoyGEv89dt-1RIL3flPDW24FfsIo&dib_tag=se&keywords=feminine+wash&qid=1708002940&sr=8-25,"pH-D Feminine Health - Boric Acid Foam Wash - pH-Balanced, Paraben-Free, and Plant-based (Sensitive, 6 Fl Oz (Pack of 1))",B09RYMDP3F,https://m.media-amazon.com/images/I/61UovVAbbvL._AC_UL320_.jpg,$8.99,True,($1.50$1.50/Fl Oz)$1.50,4.4 out of 5 stars,1059
https://www.amazon.com/Summers-Eve-pH-Balanced-Dermatologist-Gynecologist/dp/B07H9RG5R7/ref=sr_1_26?dib=eyJ2IjoiMSJ9.HkO9roIJIb5khKuei28lXeyifPEy232BzW2IiJuTp4BZTbR5zDXWFJalfRGuLYhUN1bWx7GvYBTpdC4jPobQYvoM0XOv1Y4EKW7n0TLXoZNRdpyYop64CMaMocm3L3qkpjhN8m8Cl8KLTFsMD6H5qOnNGT4LZFWO8KIKE324MY-PGgc8kO20HzPSc66l0A8EwVlip5hpXKrlgkppVU6jwbTMnh2wEiQexaWXRpzTnkr82ONKTMXRkZNJmCAbcsFmorwYviEq9rU75JeypG9VJVDYrxrHnUjs6nZky3TAYuQ.nozjMABeAu7QhwfSoyGEv89dt-1RIL3flPDW24FfsIo&dib_tag=se&keywords=feminine+wash&qid=1708002940&sr=8-26,"Summer's Eve Lavender Night-time Daily Refreshing All Over Feminine Body Wash, Removes Odor, Feminine Wash pH Balanced, 12 fl oz, 3 Pack",B07H9RG5R7,https://m.media-amazon.com/images/I/71MMM-G4hOL._AC_UL320_.jpg,$21.28,True,$20.22 with Subscribe & Save discountSave $15.00 when you buy $60.00 of select items$0.59,4.8 out of 5 stars,2505
https://www.amazon.com/Summers-Eve-Essential-Botanicals-Botanical/dp/B0BTDZFZKK/ref=sr_1_27?dib=eyJ2IjoiMSJ9.HkO9roIJIb5khKuei28lXeyifPEy232BzW2IiJuTp4BZTbR5zDXWFJalfRGuLYhUN1bWx7GvYBTpdC4jPobQYvoM0XOv1Y4EKW7n0TLXoZNRdpyYop64CMaMocm3L3qkpjhN8m8Cl8KLTFsMD6H5qOnNGT4LZFWO8KIKE324MY-PGgc8kO20HzPSc66l0A8EwVlip5hpXKrlgkppVU6jwbTMnh2wEiQexaWXRpzTnkr82ONKTMXRkZNJmCAbcsFmorwYviEq9rU75JeypG9VJVDYrxrHnUjs6nZky3TAYuQ.nozjMABeAu7QhwfSoyGEv89dt-1RIL3flPDW24FfsIo&dib_tag=se&keywords=feminine+wash&qid=1708002940&rdc=1&sr=8-27,"Summer's Eve Essential Botanicals Feminine Wash, Essential Oils and Botanical Extracts, 15 oz",B0BTDZFZKK,https://m.media-amazon.com/images/I/61mQ6vq+eRL._AC_UL320_.jpg,3 sizes,True,$4.74 with Subscribe & Save discount<label>Extra 20% off</label> when you subscribeExtra 20% off when you subscribe$0.33,4.5 out of 5 stars,189
https://www.amazon.com/Vagisil-Protect-Intimate-Feminine-Gynecologist/dp/B0B2ZNDQHT/ref=sr_1_28?dib=eyJ2IjoiMSJ9.HkO9roIJIb5khKuei28lXeyifPEy232BzW2IiJuTp4BZTbR5zDXWFJalfRGuLYhUN1bWx7GvYBTpdC4jPobQYvoM0XOv1Y4EKW7n0TLXoZNRdpyYop64CMaMocm3L3qkpjhN8m8Cl8KLTFsMD6H5qOnNGT4LZFWO8KIKE324MY-PGgc8kO20HzPSc66l0A8EwVlip5hpXKrlgkppVU6jwbTMnh2wEiQexaWXRpzTnkr82ONKTMXRkZNJmCAbcsFmorwYviEq9rU75JeypG9VJVDYrxrHnUjs6nZky3TAYuQ.nozjMABeAu7QhwfSoyGEv89dt-1RIL3flPDW24FfsIo&dib_tag=se&keywords=feminine+wash&qid=1708002940&sr=8-28,"Vagisil Odor Protect Daily Intimate Feminine Wash for Women, Gynecologist Tested, 34 Fl Oz (1L)",B0B2ZNDQHT,https://m.media-amazon.com/images/I/619kMNqo8IL._AC_UL320_.jpg,$12.37,True,$11.75 with Subscribe & Save discount$0.36,4.7 out of 5 stars,594
https://www.amazon.com/Lemisol-Plus-Feminine-Wash-Pack/dp/B01IADYNOM/ref=sr_1_29?dib=eyJ2IjoiMSJ9.HkO9roIJIb5khKuei28lXeyifPEy232BzW2IiJuTp4BZTbR5zDXWFJalfRGuLYhUN1bWx7GvYBTpdC4jPobQYvoM0XOv1Y4EKW7n0TLXoZNRdpyYop64CMaMocm3L3qkpjhN8m8Cl8KLTFsMD6H5qOnNGT4LZFWO8KIKE324MY-PGgc8kO20HzPSc66l0A8EwVlip5hpXKrlgkppVU6jwbTMnh2wEiQexaWXRpzTnkr82ONKTMXRkZNJmCAbcsFmorwYviEq9rU75JeypG9VJVDYrxrHnUjs6nZky3TAYuQ.nozjMABeAu7QhwfSoyGEv89dt-1RIL3flPDW24FfsIo&dib_tag=se&keywords=feminine+wash&qid=1708002940&sr=8-29,Lemisol Plus Feminine Wash 16 oz (Pack of 4),B01IADYNOM,https://m.media-amazon.com/images/I/81vyBcK0yLL._AC_UL320_.jpg,$34.00,True,Save more with Subscribe & Save$0.53,4.8 out of 5 stars,709
https://www.amazon.com/Intimate-Feminine-Sensitive-Eliminate-Irritation/dp/B08HH1PYSC/ref=sr_1_30?dib=eyJ2IjoiMSJ9.HkO9roIJIb5khKuei28lXeyifPEy232BzW2IiJuTp4BZTbR5zDXWFJalfRGuLYhUN1bWx7GvYBTpdC4jPobQYvoM0XOv1Y4EKW7n0TLXoZNRdpyYop64CMaMocm3L3qkpjhN8m8Cl8KLTFsMD6H5qOnNGT4LZFWO8KIKE324MY-PGgc8kO20HzPSc66l0A8EwVlip5hpXKrlgkppVU6jwbTMnh2wEiQexaWXRpzTnkr82ONKTMXRkZNJmCAbcsFmorwYviEq9rU75JeypG9VJVDYrxrHnUjs6nZky3TAYuQ.nozjMABeAu7QhwfSoyGEv89dt-1RIL3flPDW24FfsIo&dib_tag=se&keywords=feminine+wash&qid=1708002940&sr=8-30,"fem pH Balance Intimate Wash for Women, Feminine Wash for Sensitive Skin, Gentle Cleanser for Daily Use, Helps Eliminate Irritation, Itching, Odor (200ml / 6.8 fl oz)",B08HH1PYSC,https://m.media-amazon.com/images/I/71bgcGxR8WL._AC_UL320_.jpg,$19.90,True,10% coupon applied at checkoutSave 10% with coupon$2.93,4.5 out of 5 stars,311
https://www.amazon.com/Always-Feminine-Intimate-Balanced-Gynecologist/dp/B09TCGL7ZH/ref=sr_1_31?dib=eyJ2IjoiMSJ9.HkO9roIJIb5khKuei28lXeyifPEy232BzW2IiJuTp4BZTbR5zDXWFJalfRGuLYhUN1bWx7GvYBTpdC4jPobQYvoM0XOv1Y4EKW7n0TLXoZNRdpyYop64CMaMocm3L3qkpjhN8m8Cl8KLTFsMD6H5qOnNGT4LZFWO8KIKE324MY-PGgc8kO20HzPSc66l0A8EwVlip5hpXKrlgkppVU6jwbTMnh2wEiQexaWXRpzTnkr82ONKTMXRkZNJmCAbcsFmorwYviEq9rU75JeypG9VJVDYrxrHnUjs6nZky3TAYuQ.nozjMABeAu7QhwfSoyGEv89dt-1RIL3flPDW24FfsIo&dib_tag=se&keywords=feminine+wash&qid=1708002940&sr=8-31,"Always Cleanse Feminine Intimate Wash For Women, Ph Balanced For Skin, Lightly Scented, Gynecologist Tested, 8.4 Fl Oz X 2 Bottles (16.8 Fl Oz Total)",B09TCGL7ZH,https://m.media-amazon.com/images/I/71kafJ4sCPL._AC_UL320_.jpg,$14.74,True,$14.00 with Subscribe & Save discount$0.88,4.6 out of 5 stars,459
https://www.amazon.com/Sliquid-Splash-Gentle-Feminine-Wash/dp/B00R4OJFLK/ref=sr_1_32?dib=eyJ2IjoiMSJ9.HkO9roIJIb5khKuei28lXeyifPEy232BzW2IiJuTp4BZTbR5zDXWFJalfRGuLYhUN1bWx7GvYBTpdC4jPobQYvoM0XOv1Y4EKW7n0TLXoZNRdpyYop64CMaMocm3L3qkpjhN8m8Cl8KLTFsMD6H5qOnNGT4LZFWO8KIKE324MY-PGgc8kO20HzPSc66l0A8EwVlip5hpXKrlgkppVU6jwbTMnh2wEiQexaWXRpzTnkr82ONKTMXRkZNJmCAbcsFmorwYviEq9rU75JeypG9VJVDYrxrHnUjs6nZky3TAYuQ.nozjMABeAu7QhwfSoyGEv89dt-1RIL3flPDW24FfsIo&dib_tag=se&keywords=feminine+wash&qid=1708002940&sr=8-32,Sliquid Splash Gentle Feminine Wash - Unscented 8.5 fl oz,B00R4OJFLK,https://m.media-amazon.com/images/I/51BBsm+3obL._AC_UL320_.jpg,"2 sizes, 4 scents",True,Save more with Subscribe & Save$1.53,4.5 out of 5 stars,947
https://www.amazon.com/FemiClear%C2%AE-Restoratives-Ultra-Gentle-Ingredients-Essentials/dp/B0B8B7VCXM/ref=sr_1_33?dib=eyJ2IjoiMSJ9.HkO9roIJIb5khKuei28lXeyifPEy232BzW2IiJuTp4BZTbR5zDXWFJalfRGuLYhUN1bWx7GvYBTpdC4jPobQYvoM0XOv1Y4EKW7n0TLXoZNRdpyYop64CMaMocm3L3qkpjhN8m8Cl8KLTFsMD6H5qOnNGT4LZFWO8KIKE324MY-PGgc8kO20HzPSc66l0A8EwVlip5hpXKrlgkppVU6jwbTMnh2wEiQexaWXRpzTnkr82ONKTMXRkZNJmCAbcsFmorwYviEq9rU75JeypG9VJVDYrxrHnUjs6nZky3TAYuQ.nozjMABeAu7QhwfSoyGEv89dt-1RIL3flPDW24FfsIo&dib_tag=se&keywords=feminine+wash&qid=1708002940&rdc=1&sr=8-33,"FemiClearÂ® Restoratives Ultra-Gentle Feminine Wash, Made with Lysine & Lemon Balm, Natural Ingredients, Feminine Hygiene Products, Essentials for Vaginal Health (6FL oz)",B0B8B7VCXM,https://m.media-amazon.com/images/I/61yo8RW0jjL._AC_UL320_.jpg,$12.99,True,$12.34 with Subscribe & Save discount<label>Extra 10% off</label> when you subscribeExtra 10% off when you subscribe$2.17,4.5 out of 5 stars,417
https://www.amazon.com/Rael-Soothing-Intimate-Feminine-Wash/dp/B0943F1LMG/ref=sr_1_34?dib=eyJ2IjoiMSJ9.HkO9roIJIb5khKuei28lXeyifPEy232BzW2IiJuTp4BZTbR5zDXWFJalfRGuLYhUN1bWx7GvYBTpdC4jPobQYvoM0XOv1Y4EKW7n0TLXoZNRdpyYop64CMaMocm3L3qkpjhN8m8Cl8KLTFsMD6H5qOnNGT4LZFWO8KIKE324MY-PGgc8kO20HzPSc66l0A8EwVlip5hpXKrlgkppVU6jwbTMnh2wEiQexaWXRpzTnkr82ONKTMXRkZNJmCAbcsFmorwYviEq9rU75JeypG9VJVDYrxrHnUjs6nZky3TAYuQ.nozjMABeAu7QhwfSoyGEv89dt-1RIL3flPDW24FfsIo&dib_tag=se&keywords=feminine+wash&qid=1708002940&sr=8-34,"Rael Feminine Wash, Soothing Gel to Foam Wash - pH Balance Feminine Wash for Women, Intimate Wash Women, Clean Ingredients, All Skin Types, Vegan, Cruelty Free (4.4 Fl Oz, Pack of 2)",B0943F1LMG,https://m.media-amazon.com/images/I/71ABQiMVfPL._AC_UL320_.jpg,$17.99,True,$17.09 with Subscribe & Save discount$2.04,4.5 out of 5 stars,238
https://www.amazon.com/Lume-Acidified-Body-Wash-Eliminates/dp/B099HG2XJQ/ref=sr_1_35?dib=eyJ2IjoiMSJ9.HkO9roIJIb5khKuei28lXeyifPEy232BzW2IiJuTp4BZTbR5zDXWFJalfRGuLYhUN1bWx7GvYBTpdC4jPobQYvoM0XOv1Y4EKW7n0TLXoZNRdpyYop64CMaMocm3L3qkpjhN8m8Cl8KLTFsMD6H5qOnNGT4LZFWO8KIKE324MY-PGgc8kO20HzPSc66l0A8EwVlip5hpXKrlgkppVU6jwbTMnh2wEiQexaWXRpzTnkr82ONKTMXRkZNJmCAbcsFmorwYviEq9rU75JeypG9VJVDYrxrHnUjs6nZky3TAYuQ.nozjMABeAu7QhwfSoyGEv89dt-1RIL3flPDW24FfsIo&dib_tag=se&keywords=feminine+wash&qid=1708002940&sr=8-35,"Lume Acidified Body Wash - 24 Hour Odor Control - Removes Odor Better than Soap - Moisturizing Formula - SLS Free, Paraben Free - Safe For Sensitive Skin - 8.5 ounce (Peony Rose)",B099HG2XJQ,https://m.media-amazon.com/images/I/61Mp4EzOhML._AC_UL320_.jpg,"2 sizes, 6 scents",True,$18.89 with Subscribe & Save discount$2.47,4.5 out of 5 stars,13033
https://www.amazon.com/Feminine-Refreshing-Soothing-Sensitive-Fragrance-Free/dp/B07C932N7K/ref=sr_1_36?dib=eyJ2IjoiMSJ9.HkO9roIJIb5khKuei28lXeyifPEy232BzW2IiJuTp4BZTbR5zDXWFJalfRGuLYhUN1bWx7GvYBTpdC4jPobQYvoM0XOv1Y4EKW7n0TLXoZNRdpyYop64CMaMocm3L3qkpjhN8m8Cl8KLTFsMD6H5qOnNGT4LZFWO8KIKE324MY-PGgc8kO20HzPSc66l0A8EwVlip5hpXKrlgkppVU6jwbTMnh2wEiQexaWXRpzTnkr82ONKTMXRkZNJmCAbcsFmorwYviEq9rU75JeypG9VJVDYrxrHnUjs6nZky3TAYuQ.nozjMABeAu7QhwfSoyGEv89dt-1RIL3flPDW24FfsIo&dib_tag=se&keywords=feminine+wash&qid=1708002940&sr=8-36,"Kushae Gentle 2-in-1 Foaming Wash, pH Balance Feminine Wash for Optimal Hygiene, Refreshing & Soothing Feminine Wash for Sensitive Skin, Fragrance-Free Intimate Wash for Daily Use, 8.3 oz",B07C932N7K,https://m.media-amazon.com/images/I/61YzPFQsNrL._AC_UL320_.jpg,$21.49,True,$20.42 with Subscribe & Save discount$2.59,4.1 out of 5 stars,536
https://www.amazon.com/vH-essentials-Intimate-Feminine-Wash/dp/B07M7WSXB7/ref=sr_1_37?dib=eyJ2IjoiMSJ9.HkO9roIJIb5khKuei28lXeyifPEy232BzW2IiJuTp4BZTbR5zDXWFJalfRGuLYhUN1bWx7GvYBTpdC4jPobQYvoM0XOv1Y4EKW7n0TLXoZNRdpyYop64CMaMocm3L3qkpjhN8m8Cl8KLTFsMD6H5qOnNGT4LZFWO8KIKE324MY-PGgc8kO20HzPSc66l0A8EwVlip5hpXKrlgkppVU6jwbTMnh2wEiQexaWXRpzTnkr82ONKTMXRkZNJmCAbcsFmorwYviEq9rU75JeypG9VJVDYrxrHnUjs6nZky3TAYuQ.nozjMABeAu7QhwfSoyGEv89dt-1RIL3flPDW24FfsIo&dib_tag=se&keywords=feminine+wash&qid=1708002940&sr=8-37,"vH essentials Intimate Feminine Wash - pH Balanced with Tea Tree Oil, Cranberry, Prebiotics, Lavender, and Chamomile- 6 Fluid Ounce (3)",B07M7WSXB7,https://m.media-amazon.com/images/I/61YAS9Ls8kL._AC_UL320_.jpg,$23.00,True,Save more with Subscribe & SaveSave 8% when you buy $300.00 of select items$1.28,4.6 out of 5 stars,168
https://www.amazon.com/Vagisil-Healthy-Intimate-Feminine-Gynecologist/dp/B0B2ZL9VCR/ref=sr_1_38?dib=eyJ2IjoiMSJ9.HkO9roIJIb5khKuei28lXeyifPEy232BzW2IiJuTp4BZTbR5zDXWFJalfRGuLYhUN1bWx7GvYBTpdC4jPobQYvoM0XOv1Y4EKW7n0TLXoZNRdpyYop64CMaMocm3L3qkpjhN8m8Cl8KLTFsMD6H5qOnNGT4LZFWO8KIKE324MY-PGgc8kO20HzPSc66l0A8EwVlip5hpXKrlgkppVU6jwbTMnh2wEiQexaWXRpzTnkr82ONKTMXRkZNJmCAbcsFmorwYviEq9rU75JeypG9VJVDYrxrHnUjs6nZky3TAYuQ.nozjMABeAu7QhwfSoyGEv89dt-1RIL3flPDW24FfsIo&dib_tag=se&keywords=feminine+wash&qid=1708002940&sr=8-38,"Vagisil Healthy pH Care Daily Intimate Feminine Wash for Women, Gynecologist Tested, 34 Fl Oz (1L)",B0B2ZL9VCR,https://m.media-amazon.com/images/I/61jq8PJPYiL._AC_UL320_.jpg,$12.50,True,$11.88 with Subscribe & Save discount$0.37,4.7 out of 5 stars,364
https://www.amazon.com/Loyal-pHresh-Balance-Feminine-Odor-Control/dp/B09HL7YBDG/ref=sr_1_39?dib=eyJ2IjoiMSJ9.HkO9roIJIb5khKuei28lXeyifPEy232BzW2IiJuTp4BZTbR5zDXWFJalfRGuLYhUN1bWx7GvYBTpdC4jPobQYvoM0XOv1Y4EKW7n0TLXoZNRdpyYop64CMaMocm3L3qkpjhN8m8Cl8KLTFsMD6H5qOnNGT4LZFWO8KIKE324MY-PGgc8kO20HzPSc66l0A8EwVlip5hpXKrlgkppVU6jwbTMnh2wEiQexaWXRpzTnkr82ONKTMXRkZNJmCAbcsFmorwYviEq9rU75JeypG9VJVDYrxrHnUjs6nZky3TAYuQ.nozjMABeAu7QhwfSoyGEv89dt-1RIL3flPDW24FfsIo&dib_tag=se&keywords=feminine+wash&qid=1708002940&sr=8-39,Body pHresh and Clean pH Balance Feminine Wash with Boric Acid | Odor-Control | 10fl oz,B09HL7YBDG,https://m.media-amazon.com/images/I/51jXMxzv0PL._AC_UL320_.jpg,$14.99,True,$13.49 with Subscribe & Save discount$1.50,4.4 out of 5 stars,440
https://www.amazon.com/Honey-Pot-Feminine-Pregnancy-Maternity/dp/B078JK2RKJ/ref=sr_1_40?dib=eyJ2IjoiMSJ9.HkO9roIJIb5khKuei28lXeyifPEy232BzW2IiJuTp4BZTbR5zDXWFJalfRGuLYhUN1bWx7GvYBTpdC4jPobQYvoM0XOv1Y4EKW7n0TLXoZNRdpyYop64CMaMocm3L3qkpjhN8m8Cl8KLTFsMD6H5qOnNGT4LZFWO8KIKE324MY-PGgc8kO20HzPSc66l0A8EwVlip5hpXKrlgkppVU6jwbTMnh2wEiQexaWXRpzTnkr82ONKTMXRkZNJmCAbcsFmorwYviEq9rU75JeypG9VJVDYrxrHnUjs6nZky3TAYuQ.nozjMABeAu7QhwfSoyGEv89dt-1RIL3flPDW24FfsIo&dib_tag=se&keywords=feminine+wash&qid=1708002940&sr=8-40,The Honey Pot Company Mommy to Be | Herbal Infused Feminine Hygiene Natural Wash for Pregnancy/Maternity Care | PH Balanced Plant Based Wash Free from Parabens and Sulfates | 5.51 Fluid Oz.,B078JK2RKJ,https://m.media-amazon.com/images/I/710V-91pqmL._AC_UL320_.jpg,2 scents,False,List:$1.80,4.4 out of 5 stars,2415
https://www.amazon.com/Vagisil-Scentsitive-Passion-Intimate-Gynecologist/dp/B0B2ZJBYLG/ref=sr_1_41?dib=eyJ2IjoiMSJ9.HkO9roIJIb5khKuei28lXeyifPEy232BzW2IiJuTp4BZTbR5zDXWFJalfRGuLYhUN1bWx7GvYBTpdC4jPobQYvoM0XOv1Y4EKW7n0TLXoZNRdpyYop64CMaMocm3L3qkpjhN8m8Cl8KLTFsMD6H5qOnNGT4LZFWO8KIKE324MY-PGgc8kO20HzPSc66l0A8EwVlip5hpXKrlgkppVU6jwbTMnh2wEiQexaWXRpzTnkr82ONKTMXRkZNJmCAbcsFmorwYviEq9rU75JeypG9VJVDYrxrHnUjs6nZky3TAYuQ.nozjMABeAu7QhwfSoyGEv89dt-1RIL3flPDW24FfsIo&dib_tag=se&keywords=feminine+wash&qid=1708002940&sr=8-41,"Vagisil Scentsitive Scents Fresh Peach Passion Daily Intimate Wash for Women, Gynecologist Tested, 34 Fl Oz (1L)",B0B2ZJBYLG,https://m.media-amazon.com/images/I/71rBsI1qGtL._AC_UL320_.jpg,$12.46,True,$11.84 with Subscribe & Save discount$0.37,4.6 out of 5 stars,424
https://www.amazon.com/Good-Clean-Love-pH-Balanced-Ingredients/dp/B09TRTCR6T/ref=sr_1_42?dib=eyJ2IjoiMSJ9.HkO9roIJIb5khKuei28lXeyifPEy232BzW2IiJuTp4BZTbR5zDXWFJalfRGuLYhUN1bWx7GvYBTpdC4jPobQYvoM0XOv1Y4EKW7n0TLXoZNRdpyYop64CMaMocm3L3qkpjhN8m8Cl8KLTFsMD6H5qOnNGT4LZFWO8KIKE324MY-PGgc8kO20HzPSc66l0A8EwVlip5hpXKrlgkppVU6jwbTMnh2wEiQexaWXRpzTnkr82ONKTMXRkZNJmCAbcsFmorwYviEq9rU75JeypG9VJVDYrxrHnUjs6nZky3TAYuQ.nozjMABeAu7QhwfSoyGEv89dt-1RIL3flPDW24FfsIo&dib_tag=se&keywords=feminine+wash&qid=1708002940&sr=8-42,"Good Clean Love Ultra Sensitive Foaming Feminine Wash, pH-Balanced Vaginal Soap for Women with Natural Ingredients, Water-based, Gentle Cleansing & Soothing Feminine Hygiene Intimate Cleanser, 5 Oz (2-Pack)",B09TRTCR6T,https://m.media-amazon.com/images/I/51OhPuF-nQL._AC_UL320_.jpg,2 sizes,True,$17.09 with Subscribe & Save discount$1.80,4.5 out of 5 stars,285
https://www.amazon.com/Vagisil-Intimate-Feminine-Gynecologist-Hypoallergenic/dp/B0B952YBRJ/ref=sr_1_43?dib=eyJ2IjoiMSJ9.HkO9roIJIb5khKuei28lXeyifPEy232BzW2IiJuTp4BZTbR5zDXWFJalfRGuLYhUN1bWx7GvYBTpdC4jPobQYvoM0XOv1Y4EKW7n0TLXoZNRdpyYop64CMaMocm3L3qkpjhN8m8Cl8KLTFsMD6H5qOnNGT4LZFWO8KIKE324MY-PGgc8kO20HzPSc66l0A8EwVlip5hpXKrlgkppVU6jwbTMnh2wEiQexaWXRpzTnkr82ONKTMXRkZNJmCAbcsFmorwYviEq9rU75JeypG9VJVDYrxrHnUjs6nZky3TAYuQ.nozjMABeAu7QhwfSoyGEv89dt-1RIL3flPDW24FfsIo&dib_tag=se&keywords=feminine+wash&qid=1708002940&sr=8-43,"Vagisil 2-in-1 Leak Rescue Daily Intimate Feminine Wash for Women, Gynecologist Tested & Hypoallergenic, 12 oz (Pack of 3)",B0B952YBRJ,https://m.media-amazon.com/images/I/71yuVuTRyHL._AC_UL320_.jpg,"2 sizes, 4 scents",True,$17.10 with Subscribe & Save discount$0.50,4.8 out of 5 stars,6834
https://www.amazon.com/Refreshing-Anti-Irritation-Effectiveness-Paraben-Free-Dermatologist/dp/B004QDNMIO/ref=sr_1_44?dib=eyJ2IjoiMSJ9.HkO9roIJIb5khKuei28lXeyifPEy232BzW2IiJuTp4BZTbR5zDXWFJalfRGuLYhUN1bWx7GvYBTpdC4jPobQYvoM0XOv1Y4EKW7n0TLXoZNRdpyYop64CMaMocm3L3qkpjhN8m8Cl8KLTFsMD6H5qOnNGT4LZFWO8KIKE324MY-PGgc8kO20HzPSc66l0A8EwVlip5hpXKrlgkppVU6jwbTMnh2wEiQexaWXRpzTnkr82ONKTMXRkZNJmCAbcsFmorwYviEq9rU75JeypG9VJVDYrxrHnUjs6nZky3TAYuQ.nozjMABeAu7QhwfSoyGEv89dt-1RIL3flPDW24FfsIo&dib_tag=se&keywords=feminine+wash&qid=1708002940&sr=8-44,"Gyn Phy Refreshing Intimate Gel | Feminine pH Balancing Wash to Gently Clean, Protect and Soothe Even the Most Sensitive Skin | Soap Free, Paraben-Free & Gynecologist Tested",B004QDNMIO,https://m.media-amazon.com/images/I/51Zrt66-1oL._AC_UL320_.jpg,2 sizes,True,$14.25 with Subscribe & Save discount$2.21,4.6 out of 5 stars,1043
https://www.amazon.com/RACHAA-Sensitive-Feminine-Moisturizing-Brightening/dp/B0BH8NC7SF/ref=sr_1_45?dib=eyJ2IjoiMSJ9.HkO9roIJIb5khKuei28lXeyifPEy232BzW2IiJuTp4BZTbR5zDXWFJalfRGuLYhUN1bWx7GvYBTpdC4jPobQYvoM0XOv1Y4EKW7n0TLXoZNRdpyYop64CMaMocm3L3qkpjhN8m8Cl8KLTFsMD6H5qOnNGT4LZFWO8KIKE324MY-PGgc8kO20HzPSc66l0A8EwVlip5hpXKrlgkppVU6jwbTMnh2wEiQexaWXRpzTnkr82ONKTMXRkZNJmCAbcsFmorwYviEq9rU75JeypG9VJVDYrxrHnUjs6nZky3TAYuQ.nozjMABeAu7QhwfSoyGEv89dt-1RIL3flPDW24FfsIo&dib_tag=se&keywords=feminine+wash&qid=1708002940&sr=8-45,"Feminine Wash for Women, Brightening & Moisturizing for Daily Vaginal Wash, pH Balance Intimate Wash with Tea Tree Oil & Lactic Acid for Sensitive Skin - Vegan Feminine Hygiene Products, 6.76 Fl Oz",B0BH8NC7SF,https://m.media-amazon.com/images/I/612jZonShML._AC_UL320_.jpg,$17.95,True,($2.66$2.66/Fl Oz)$2.66,4.5 out of 5 stars,152
https://www.amazon.com/Lemisol-Plus-Feminine-Wash-Pack/dp/B01IADYM34/ref=sr_1_46?dib=eyJ2IjoiMSJ9.HkO9roIJIb5khKuei28lXeyifPEy232BzW2IiJuTp4BZTbR5zDXWFJalfRGuLYhUN1bWx7GvYBTpdC4jPobQYvoM0XOv1Y4EKW7n0TLXoZNRdpyYop64CMaMocm3L3qkpjhN8m8Cl8KLTFsMD6H5qOnNGT4LZFWO8KIKE324MY-PGgc8kO20HzPSc66l0A8EwVlip5hpXKrlgkppVU6jwbTMnh2wEiQexaWXRpzTnkr82ONKTMXRkZNJmCAbcsFmorwYviEq9rU75JeypG9VJVDYrxrHnUjs6nZky3TAYuQ.nozjMABeAu7QhwfSoyGEv89dt-1RIL3flPDW24FfsIo&dib_tag=se&keywords=feminine+wash&qid=1708002940&sr=8-46,Lemisol Plus Feminine Wash 16 oz (Pack of 3),B01IADYM34,https://m.media-amazon.com/images/I/71bF6mXTcYL._AC_UL320_.jpg,$27.43,True,Save more with Subscribe & Save$0.21,4.8 out of 5 stars,553
https://www.amazon.com/Always-Feminine-Sensitive-Fragrance-Free-Gynecologist/dp/B09TD6MDC5/ref=sr_1_47?dib=eyJ2IjoiMSJ9.HkO9roIJIb5khKuei28lXeyifPEy232BzW2IiJuTp4BZTbR5zDXWFJalfRGuLYhUN1bWx7GvYBTpdC4jPobQYvoM0XOv1Y4EKW7n0TLXoZNRdpyYop64CMaMocm3L3qkpjhN8m8Cl8KLTFsMD6H5qOnNGT4LZFWO8KIKE324MY-PGgc8kO20HzPSc66l0A8EwVlip5hpXKrlgkppVU6jwbTMnh2wEiQexaWXRpzTnkr82ONKTMXRkZNJmCAbcsFmorwYviEq9rU75JeypG9VJVDYrxrHnUjs6nZky3TAYuQ.nozjMABeAu7QhwfSoyGEv89dt-1RIL3flPDW24FfsIo&dib_tag=se&keywords=feminine+wash&qid=1708002940&sr=8-47,"Always Cleanse Feminine Intimate Wash For Women, Ph Balanced For Sensitive Skin, Fragrance-Free, Gynecologist Tested, 8.4 Fl Oz, (Pack of 2) Package may vary",B09TD6MDC5,https://m.media-amazon.com/images/I/71VO8V-N9TL._AC_UL320_.jpg,$18.98,True,$18.03 with Subscribe & Save discountGet a $1 promotional credit when you buy at least 1 promotional item(s)$1.13,4.4 out of 5 stars,320
https://www.amazon.com/Emerita-Life-flo-Balancing-Hydrating-Fragrance/dp/B0040M27BY/ref=sr_1_48?dib=eyJ2IjoiMSJ9.HkO9roIJIb5khKuei28lXeyifPEy232BzW2IiJuTp4BZTbR5zDXWFJalfRGuLYhUN1bWx7GvYBTpdC4jPobQYvoM0XOv1Y4EKW7n0TLXoZNRdpyYop64CMaMocm3L3qkpjhN8m8Cl8KLTFsMD6H5qOnNGT4LZFWO8KIKE324MY-PGgc8kO20HzPSc66l0A8EwVlip5hpXKrlgkppVU6jwbTMnh2wEiQexaWXRpzTnkr82ONKTMXRkZNJmCAbcsFmorwYviEq9rU75JeypG9VJVDYrxrHnUjs6nZky3TAYuQ.nozjMABeAu7QhwfSoyGEv89dt-1RIL3flPDW24FfsIo&dib_tag=se&keywords=feminine+wash&qid=1708002940&sr=8-48,"Emerita by Life-flo pH Balancing Feminine Wash, Hydrating Cleanser Soothes Delicate Areas, Fights Odor and Keeps You Feeling Fresh, Made Without Parabens, Fragrance Free, Not Tested on Animals, 4oz",B0040M27BY,https://m.media-amazon.com/images/I/51pr1BVki0L._AC_UL320_.jpg,$12.99,True,$11.69 with Subscribe & Save discount$3.25,4.5 out of 5 stars,195
https://www.amazon.com/Feminine-Bottles-Balanced-Naturally-Gynecologist/dp/B0184CN4S0/ref=sr_1_49?keywords=feminine+wash&qid=1708003326&sr=8-49,"(Pack of 4 Bottles) Summer's Eve Fresh Scent Douche Vinegar & Water, Feminine Wash, 4.5oz Bottles. PH Balanced, Naturally Inspired, Gynecologist Tested (Pack of 4 Bottles, 4.5oz Each Bottle)",B0184CN4S0,https://m.media-amazon.com/images/I/51VDwpwkkcL._AC_UL320_.jpg,"13 sizes, 3 scents",True,Save more with Subscribe & Save$0.51,4.5 out of 5 stars,1468
https://www.amazon.com/RACHAA-Sensitive-Feminine-Moisturizing-Brightening/dp/B0BH8NC7SF/ref=sr_1_50?keywords=feminine+wash&qid=1708003326&sr=8-50,"Feminine Wash for Women, Brightening & Moisturizing for Daily Vaginal Wash, pH Balance Intimate Wash with Tea Tree Oil & Lactic Acid for Sensitive Skin - Vegan Feminine Hygiene Products, 6.76 Fl Oz",B0BH8NC7SF,https://m.media-amazon.com/images/I/612jZonShML._AC_UL320_.jpg,$17.95,True,($2.66$2.66/Fl Oz)$2.66,4.5 out of 5 stars,152
https://www.amazon.com/Sebamed-Feminine-Intimate-Microflora-Balance/dp/B00N8NB8HU/ref=sr_1_51?keywords=feminine+wash&qid=1708003326&sr=8-51,"SEBAMED Feminine Intimate Wash pH 3.8 for Microflora Balance with Aloe Vera Mild Organic Based Daily Vaginal Wash Feminine Hygiene 6.8 Fluid Ounces (200 Milliliters), Clear (3247350.0)",B00N8NB8HU,https://m.media-amazon.com/images/I/51WQgUT3dxL._AC_UL320_.jpg,2 sizes,False,($2.50$2.50/Fl Oz)$2.50,4.5 out of 5 stars,1130
https://www.amazon.com/Lemisol-Feminine-Cleanser-Original-Refreshing/dp/B00MFXI5Y8/ref=sr_1_52?keywords=feminine+wash&qid=1708003326&sr=8-52,"Lemisol Plus, Gentle Daily Feminine Cleanser, Original Refreshing Formula - 8 Oz (Pack of 3)",B00MFXI5Y8,https://m.media-amazon.com/images/I/61E91HAAkpL._AC_UL320_.jpg,$21.90,True,($0.91$0.91/Fl Oz)$0.91,4.8 out of 5 stars,1240
https://www.amazon.com/pH-D-Feminine-Health-pH-Balanced-Paraben-Free/dp/B09RYKG44J/ref=sr_1_53?keywords=feminine+wash&qid=1708003326&sr=8-53,"pH-D Feminine Health - Boric Acid Foam Wash - pH-Balanced, Paraben-Free, and Plant-based (Rose Vanilla, 6 Fl Oz (Pack of 1))",B09RYKG44J,https://m.media-amazon.com/images/I/61pVvGbEswL._AC_UL320_.jpg,"2 sizes, 3 scents",True,Save more with Subscribe & Save$1.50,4.4 out of 5 stars,402
https://www.amazon.com/FDS-Intimate-Body-Cleansing-Coconut/dp/B07CNF747Q/ref=sr_1_54?keywords=feminine+wash&qid=1708003326&rdc=1&sr=8-54,"FDS Intimate + Body Cleansing Wash, Coconut Milk - Bottle, 10 Ounce",B07CNF747Q,https://m.media-amazon.com/images/I/71mgV-y+IFL._AC_UL320_.jpg,2 scents,True,$8.88 with Subscribe & Save discount<label>Extra 25% off</label> when you subscribeExtra 25% off when you subscribe$0.94,4.7 out of 5 stars,811
https://www.amazon.com/NewLife-Naturals-Feminine-Balance-Intimate/dp/B0C2WPXCFP/ref=sr_1_55?keywords=feminine+wash&qid=1708003326&sr=8-55,NewLife Naturals Daily Feminine Wash for pH Balance and Odor Control for Feminine Hygiene Intimate Wash for Women - With Prebiotics and Tea Tree Oil Sulfate and Paraben Free - USA 8oz,B0C2WPXCFP,https://m.media-amazon.com/images/I/71X4GS50uzL._AC_UL320_.jpg,$5.99,True,$5.69 with Subscribe & Save discount$0.75,4.5 out of 5 stars,86
https://www.amazon.com/healthy-hoohoo-Gentle-Feminine-Wash/dp/B007708NK0/ref=sr_1_56?keywords=feminine+wash&qid=1708003326&sr=8-56,"Gentle Feminine Wash - Organic Ingredients, pH Balanced, Fragrance Free for Sensitive Skin (4 fl oz)",B007708NK0,https://m.media-amazon.com/images/I/61vw5z6zXfL._AC_UL320_.jpg,$16.99,True,$15.29 with Subscribe & Save discount$4.25,4.4 out of 5 stars,655
https://www.amazon.com/Fidelis-Peach-Balanced-Cleansing-Women/dp/B08MKYGCB1/ref=sr_1_57?keywords=feminine+wash&qid=1708003326&sr=8-57,Yoni Soap Bar (2 Pack) 3.5 Oz pH Balanced V Clean Natural Feminine Wash (Peach),B08MKYGCB1,https://m.media-amazon.com/images/I/71ezoqeRZqL._AC_UL320_.jpg,4 scents,True,$8.99 with Subscribe & Save discount$1.43,4.1 out of 5 stars,1888
https://www.amazon.com/HONEYFUR-Feminine-Wash-Sensitive-Balanced/dp/B07YYP9QWH/ref=sr_1_58?keywords=feminine+wash&qid=1708003326&sr=8-58,"pH Balanced Natural Feminine Wash For Sensitive Skin â Sulfates & Paraben Free â Soothing, Refreshing, Calms Irritation â 200 ML / 6.7 FL OZ",B07YYP9QWH,https://m.media-amazon.com/images/I/51A657XWF1L._AC_UL320_.jpg,$22.95,True,($3.43$3.43/Fl Oz)$3.43,4.1 out of 5 stars,236
https://www.amazon.com/Refreshing-Balancing-Sensitive-Paraben-Free-Gynecologist/dp/B074RF6J68/ref=sr_1_59?keywords=feminine+wash&qid=1708003326&sr=8-59,"Gyn Phy Refreshing Intimate Gel | Feminine pH Balancing Wash to Gently Clean, Protect and Soothe Even the Most Sensitive Skin | Soap Free, Paraben-Free & Gynecologist Tested",B074RF6J68,https://m.media-amazon.com/images/I/71OaBFlwz0L._AC_UL320_.jpg,2 sizes,True,$21.60 with Subscribe & Save discount$1.41,4.6 out of 5 stars,1043
https://www.amazon.com/Woo-More-Play-Ingredients-Matricaria/dp/B0BKRJ5QCX/ref=sr_1_60?keywords=feminine+wash&qid=1708003326&sr=8-60,"Woo More Play, Be There In Five, Feminine Wash, pH Balanced, Made With Natural Ingredients (Aloe, Calendula Extract, Matricaria Flower Extract) - 4.7 fl oz",B0BKRJ5QCX,https://m.media-amazon.com/images/I/51EYAvHc4NL._AC_UL320_.jpg,$19.00,True,$18.05 with Subscribe & Save discount$4.04,4.5 out of 5 stars,48
https://www.amazon.com/Vagisil-Block-Daily-Intimate-Vaginal/dp/B0125GILZW/ref=sr_1_61?keywords=feminine+wash&qid=1708003326&sr=8-61,Vagisil Odor Block Daily Intimate Vaginal Wash 12 oz (Pack of 2),B0125GILZW,https://m.media-amazon.com/images/I/51jILni+G-L._AC_UL320_.jpg,$11.34,True,Save more with Subscribe & Save$0.47,4.6 out of 5 stars,371
https://www.amazon.com/Summers-Eve-pH-Balanced-Dermatologist-Gynecologist/dp/B004MKOG0O/ref=sr_1_62?keywords=feminine+wash&qid=1708003326&rdc=1&sr=8-62,"Summer's Eve Morning Paradise Daily Refreshing All Over Feminine Body Wash, Feminine Wash pH Balanced, 15 fl oz",B004MKOG0O,https://m.media-amazon.com/images/I/61h5n2FOnpL._AC_UL320_.jpg,3 sizes,True,$6.29 with Subscribe & Save discount<label>Extra 20% off</label> when you subscribeExtra 20% off when you subscribe$0.44,4.4 out of 5 stars,2938
https://www.amazon.com/Honestly-Feminine-Naturally-Foaming-Bergamot/dp/B081QZRP1Q/ref=sr_1_63?keywords=feminine+wash&qid=1708003326&sr=8-63,"Natural Prebiotic & Probiotic Foaming Feminine Wash, pH Balanced with Essential Minerals, Safe for Sensitive Skin, 24 Hour Odor Protection, 5 Oz, Rose Bergamot",B081QZRP1Q,https://m.media-amazon.com/images/I/61iug19TrFL._AC_UL320_.jpg,$19.25,False,Save 5% on 5 select item(s)$3.85,4.6 out of 5 stars,23
https://www.amazon.com/Feminine-Intimate-Menopause-Hydrating-Clinically/dp/B00E27MNO8/ref=sr_1_64?keywords=feminine+wash&qid=1708003326&sr=8-64,Sebamed Feminine Intimate Wash Menopause pH 6.8 Gentle Hydrating Vaginal Wash Feminine Hygiene Clinically Tested (200mL),B00E27MNO8,https://m.media-amazon.com/images/I/71x3GzMOnLL._AC_UL320_.jpg,$17.49,True,($2.57$2.57/Fl Oz)$2.57,4.5 out of 5 stars,215
https://www.amazon.com/Vickoneer-Intimate-Feminine-Deodorants-Cleansing/dp/B09Y1VG11P/ref=sr_1_65?keywords=feminine+wash&qid=1708003326&sr=8-65,"Intimate Yoni Wash for Women Feminine Wash, Vaginal Wash with Apple Cider Vinegar, pH Balance for Women Vaginial Deodorants, Daily Cleansing Wash, Fresh and Gentle on Skin, 250ml/8.5 fl oz",B09Y1VG11P,https://m.media-amazon.com/images/I/61DdrlTtxEL._AC_UL320_.jpg,$6.99,False,($0.82$0.82/Fl Oz)$0.82,4.4 out of 5 stars,133
https://www.amazon.com/Monistat-Boric-Feminine-Cleanser-Fragrance/dp/B0CLZ276G7/ref=sr_1_66?keywords=feminine+wash&qid=1708003326&sr=8-66,"Monistat Boric Acid Feminine Cleanser, Fragrance Free Feminine Wash, 16 Fl Oz, 1 Pack",B0CLZ276G7,https://m.media-amazon.com/images/I/61TzaV5InQL._AC_UL320_.jpg,$7.97,True,$7.57 with Subscribe & Save discount$0.50,4.6 out of 5 stars,18
https://www.amazon.com/PediFix-Tree-Ultimates-FungaSoap-Cleansing/dp/B00164NKVK/ref=sr_1_67?keywords=feminine+wash&qid=1708003326&sr=8-67,Tea Tree Ultimates FungaSoap Cleansing Wash 6 oz (3 Pack),B00164NKVK,https://m.media-amazon.com/images/I/81AGA1O337L._AC_UL320_.jpg,$32.00,True,($1.78$1.78/Fl Oz)$1.78,4.4 out of 5 stars,144
https://www.amazon.com/Summers-Eve-Cleansing-Blissful-Individually/dp/B0160YZRN4/ref=sr_1_68?keywords=feminine+wash&qid=1708003326&sr=8-68,"Summer's Eve Feminine Cleansing Cloths, Blissful Escape, 16 Cloths, Pack of 3",B0160YZRN4,https://m.media-amazon.com/images/I/71P1WS01+hL._AC_UL320_.jpg,$12.49,True,Save more with Subscribe & Save$0.26,4.8 out of 5 stars,1185
https://www.amazon.com/FemiClear-Restoratives-Feminine-Itching-Irritated/dp/B09HZ4TM9F/ref=sr_1_69?keywords=feminine+wash&qid=1708003326&sr=8-69,"FemiClear Restoratives Soothing Feminine Wash - Feminine Care Wash for Itching & Irritated Skin, Feminine Hygiene Products, Essentials for Vaginal Health, PH Balance for Women (6FL oz)",B09HZ4TM9F,https://m.media-amazon.com/images/I/51rrXuaVKAL._AC_UL320_.jpg,$8.79,False,Typical:$1.47,4.2 out of 5 stars,266
https://www.amazon.com/Boric-Balancing-Feminine-Coconut-Essential/dp/B0C226D3RY/ref=sr_1_70?keywords=feminine+wash&qid=1708003326&sr=8-70,"Boric Fresh PH Balancing Daily Feminine Wash with Boric Acid, Tea Tree Oil, Coconut Oil & Essential Oils - Organic Intimate Cleanser for Odor Eliminator, Healthy pH, BV & Intimate Care",B0C226D3RY,https://m.media-amazon.com/images/I/71inomUC1YL._AC_UL320_.jpg,$14.99,True,$13.49 with Subscribe & Save discount$1.87,4.2 out of 5 stars,207
https://www.amazon.com/Pyunkang-Yul-Feminine-Moisturizing-Paraben-Free/dp/B099RLCB1K/ref=sr_1_71?keywords=feminine+wash&qid=1708003326&sr=8-71,"Pyunkang Yul Low pH Feminine Wash with Green Tea, Cica, Moisturizing for Women Vaginal Health, Calming, Soothing Intimate Hygiene Wash Care for Itchy & Dry Skin, Cleanser, Paraben-Free 16.9 Fl.oz",B099RLCB1K,https://m.media-amazon.com/images/I/41M5c+mg00S._AC_UL320_.jpg,$22.32,False,($1.32$1.32/Fl Oz)$1.32,4.7 out of 5 stars,60
https://www.amazon.com/Lactacyd-All-Care-Feminine-Wash/dp/B012J9MFPW/ref=sr_1_72?keywords=feminine+wash&qid=1708003326&sr=8-72,Lactacyd All Day Care Feminine Wash - 150ml,B012J9MFPW,https://m.media-amazon.com/images/I/61iSaothm+L._AC_UL320_.jpg,$13.20,True,Save more with Subscribe & Save$2.59,4.3 out of 5 stars,92
https://www.amazon.com/Summers-Eve-Douche-Ounce-Medicated/dp/B00FX4YDWO/ref=sr_1_73?keywords=feminine+wash&qid=1708003326&sr=8-73,"Summer's Eve, Feminine Cleansing Douche, Medicated, 2 Ct. 4.5 oz Each (Pack of 1)",B00FX4YDWO,https://m.media-amazon.com/images/I/61qIgKgRcAL._AC_UL320_.jpg,5 sizes,True,Save more with Subscribe & Save$1.88,4.7 out of 5 stars,100
https://www.amazon.com/Summers-Eve-Cleansing-Sunset-Gynecologist/dp/B07P7JH85T/ref=sr_1_74?keywords=feminine+wash&qid=1708003326&sr=8-74,"Summer's Eve Cleansing Wash, Sunset Oasis, 15 Fl Oz",B07P7JH85T,https://m.media-amazon.com/images/I/614NAbYf6HL._AC_UL320_.jpg,$9.99,True,Save more with Subscribe & Save$0.67,4.6 out of 5 stars,3525
https://www.amazon.com/Vagisil-Feminine-Deodorant-Gynecologist-Hygiene/dp/B084SNT78F/ref=sr_1_75?keywords=feminine+wash&qid=1708003326&sr=8-75,"Vagisil Odor Block Dry Wash Spray for Feminine Hygiene, Gynecologist Tested, Hypoallergenic, 2.6 Ounces (Pack of 1)",B084SNT78F,https://m.media-amazon.com/images/I/71xdpO40KJL._AC_UL320_.jpg,$2.97,True,$2.82 with Subscribe & Save discount$1.14,4.6 out of 5 stars,8070
https://www.amazon.com/Her-Fantasy-Box-Balancing-Feminine/dp/B0CK1791MR/ref=sr_1_76?keywords=feminine+wash&qid=1708003326&sr=8-76,| Refresh pH Balancing Shower Gel Natural Feminine Hygiene Solution,B0CK1791MR,https://m.media-amazon.com/images/I/71UAE9C2N7L._AC_UL320_.jpg,$13.99,False,Save more with Subscribe & Save$13.99,4.6 out of 5 stars,50
https://www.amazon.com/Dr-Schavit-Gentle-Feminine-Hygienic-Wash/dp/B07PB48P1G/ref=sr_1_77?keywords=feminine+wash&qid=1708003326&sr=8-77,Feminine Wash for Sensitive Skin â Gentle PH Balance Intimate Wash - Daily Hygienic Intimate Skin Wash with Sea Buckthorn and Tea Tree Oil â 16.9 Fl.Oz (500ml),B07PB48P1G,https://m.media-amazon.com/images/I/71O5ujsi5rL._AC_UL320_.jpg,$13.95,True,$13.25 with Subscribe & Save discount$0.83,4.3 out of 5 stars,34
https://www.amazon.com/Summers-Eve-Sensitive-Feminine-Balanced/dp/B0C2XC64RP/ref=sr_1_78?keywords=feminine+wash&qid=1708003326&sr=8-78,"Summer's Eve Simply Sensitive Daily Gentle All Over Feminine Body Wash, Removes Odor, Feminine Wash pH Balanced, Travel Size 3 fl oz, 3 Pack",B0C2XC64RP,https://m.media-amazon.com/images/I/71XAlRVahcL._AC_UL320_.jpg,5 sizes,True,$8.31 with Subscribe & Save discountSave $15.00 when you buy $60.00 of select items$0.97,4.5 out of 5 stars,68
https://www.amazon.com/Feminine-Natural-Eliminates-Moisturizing-Pineapple/dp/B0CGNMBR21/ref=sr_1_79?keywords=feminine+wash&qid=1708003326&sr=8-79,"2 PCS Yoni Soap Bars Feminine Wash, 100% Natural Organic Yoni Bar Soap for Women Ph Balance Yoni Wash Eliminates Odor Moisturizing Yoni Care Soap with Foaming Net, Pineapple Yoni Soap 3.53 OZ",B0CGNMBR21,https://m.media-amazon.com/images/I/61C34JIKdZL._AC_UL320_.jpg,$9.99,True,Save more with Subscribe & Save$1.42,4.4 out of 5 stars,39
https://www.amazon.com/Feminine-Vaginal-Balance-Moisturizing-Strawberry/dp/B0CCKTKV18/ref=sr_1_80?keywords=feminine+wash&qid=1708003326&sr=8-80,"Feminine Wash & Yoni Oil & Yoni Soap Set for Women, Yoni Wash for Vaginal Ph Balance Remove Odor Moisturizing, 1 Fl.Oz Feminine Oil & 5.07 Fl.Oz Vaginal Wash 5.29OZ Yoni Soap Bar, Strawberry Scent",B0CCKTKV18,https://m.media-amazon.com/images/I/61Xs9xAqq5L._AC_UL320_.jpg,$19.99,True,$18.99 with Subscribe & Save discount$2.83,4.3 out of 5 stars,267
https://www.amazon.com/Feminine-Wash-Women-Irritation-Hypoallergenic/dp/B09ZG7XSKC/ref=sr_1_81?keywords=feminine+wash&qid=1708003326&sr=8-81,Made in USA- Feminine Wash for Women - Ph Wash & Acne Cleanser Face Wash & Body Wash- Sensitive Skin Body Wash with Salicylic Acid for Skin Irritation - Fragrance Free Intimate Wash for All Skin Types,B09ZG7XSKC,https://m.media-amazon.com/images/I/61RDYThocWL._AC_UL320_.jpg,$4.98,True,Save more with Subscribe & SaveGet 2 for the price of 1$0.62,4.3 out of 5 stars,68
https://www.amazon.com/Summers-Cleansing-Sensitive-Island-Splash/dp/B010OUFBZY/ref=sr_1_82?keywords=feminine+wash&qid=1708003326&sr=8-82,"Summer's Eve Island Splash Refreshing Daily Feminine Wash, Removes Odor, pH balanced, 9 fl oz. (Pack of 2)",B010OUFBZY,https://m.media-amazon.com/images/I/31rTqGvQUcL._AC_UL320_.jpg,12 sizes,False,List:$0.80,4.9 out of 5 stars,39
https://www.amazon.com/pH-D-Instant-Odor-Rinse-Boric/dp/B0991WVTM7/ref=sr_1_83?keywords=feminine+wash&qid=1708003326&sr=8-83,"pH-D Feminine Health - Instant Odor Rinse with Boric Acid for Vaginal Odor - Vegan, Paraben-Free, Cruelty-Free, 6 Fl Oz Total, (3 Fl Oz, Pack of 2)",B0991WVTM7,https://m.media-amazon.com/images/I/61SCNbLs4YL._AC_UL320_.jpg,$12.99,True,$12.34 with Subscribe & Save discount$2.17,4.5 out of 5 stars,2617
https://www.amazon.com/Sweet-Cookie-Jar-Wash-Unscented/dp/B0785GH2WY/ref=sr_1_84?keywords=feminine+wash&qid=1708003326&sr=8-84,"Sweet Cookie Jar Cookie Wash, Unscented, 5 Fl Oz - All Natural Feminine Wash for Sensitive Cookies",B0785GH2WY,https://m.media-amazon.com/images/I/71SJkSaGZLL._AC_UL320_.jpg,$18.99,True,Save more with Subscribe & Save$3.80,4.4 out of 5 stars,1061
https://www.amazon.com/Summers-Eve-Cleansing-Wash-Island-Splash-9/dp/B0105YDJIK/ref=sr_1_85?keywords=feminine+wash&qid=1708003326&sr=8-85,Summer's Eve Feminine Cleansing Wash for Sensitive Skin | Island Splash 9 fl oz | 1-Unit,B0105YDJIK,https://m.media-amazon.com/images/I/616OunwbejL._AC_UL320_.jpg,2 sizes,True,Save more with Subscribe & Save$6.94,3.2 out of 5 stars,7
https://www.amazon.com/Apivita-Feminine-Balancing-Cleanser-Chamomile/dp/B07KQ3J2D9/ref=sr_1_86?keywords=feminine+wash&qid=1708003326&sr=8-86,"Apivita Feminine Wash for Women, pH Balancing Cleanser with Lactic Acid, Chamomile & Aloe - Daily Natural Care for Itchy & Dry Skin. Removes Odor - Gynecologically Tested, 6.76 Fl Oz",B07KQ3J2D9,https://m.media-amazon.com/images/I/71ef7mawo0L._AC_UL320_.jpg,$14.00,True,$12.60 with Subscribe & Save discount$2.06,4.5 out of 5 stars,55
https://www.amazon.com/RepHresh-Vaginal-Moisturizer-0-07-Count/dp/B0011WYO26/ref=sr_1_87?keywords=feminine+wash&qid=1708003326&sr=8-87,"RepHresh Odor Eliminating Vaginal Gel, 4ct (0.07oz)",B0011WYO26,https://m.media-amazon.com/images/I/61fcvzCR55L._AC_UL320_.jpg,$14.50,True,List:$20.71,4.6 out of 5 stars,7915
https://www.amazon.com/Femfresh-250ml-Ultimate-Soothing-Balanced/dp/B01HQVI6BK/ref=sr_1_88?keywords=feminine+wash&qid=1708003326&sr=8-88,"Femfresh 250ml Ultimate Care Soothing Wash,Ph Balanced by Femfresh",B01HQVI6BK,https://m.media-amazon.com/images/I/517-Db4klkS._AC_UL320_.jpg,$6.95,True,Save more with Subscribe & Save$0.82,4.5 out of 5 stars,188
https://www.amazon.com/Balanced-Intimate-Feminine-Antibacterial-Sensitive/dp/B0BXQS6RH7/ref=sr_1_89?keywords=feminine+wash&qid=1708003326&sr=8-89,"GLO Melanin Peach Yoni Wash with Aloe Vera, All Natural Feminine Wash for Women pH Balance, Hygiene Vagina Wash Soap for Women Sensitive Skin Safe",B0BXQS6RH7,https://m.media-amazon.com/images/I/51nIYyUQwVL._AC_UL320_.jpg,$27.95,True,$26.55 with Subscribe & Save discount$3.49,4.3 out of 5 stars,191
https://www.amazon.com/forvirness-Feminine-Sensitive-Gynecologist-Calendula/dp/B0B12D715K/ref=sr_1_90?keywords=feminine+wash&qid=1708003326&sr=8-90,"Natural Feminine Wash for Sensitive Skin, Vaginal Wash Remove Odor, Clean and pH Balance for women, Gynecologist Tested Intimate Yoni Wash Infused Calendula, Apple Cider Vinegar, 8.5 fl.oz",B0B12D715K,https://m.media-amazon.com/images/I/71DpEY0BRBL._AC_UL320_.jpg,$7.99,True,Save more with Subscribe & Save$0.94,4.2 out of 5 stars,131
https://www.amazon.com/Nivea-Intimate-Delicate-Feminine-Cleanser/dp/B0092XXUXU/ref=sr_1_91?keywords=feminine+wash&qid=1708003326&sr=8-91,Nivea Intimate Intimo Natural Daily Comfort Mild & Delicate Feminine Cleanser 200 Ml. l,B0092XXUXU,https://m.media-amazon.com/images/I/519MLrBBv6L._AC_UL320_.jpg,$9.98,True,($1.47$1.47/Fl Oz)$1.47,4.6 out of 5 stars,299
https://www.amazon.com/ZENZSUAL-Hyaluronic-Cranberry-Moisturizer-Self-Foaming/dp/B09Q5PXKVH/ref=sr_1_92?keywords=feminine+wash&qid=1708003326&sr=8-92,"Feminine Foam Cleanser with Hyaluronic Acid and Organic Cranberry Extract â PH Balance, Feminine Wash, Hypoallergenic Vaginal Moisturizer â Fragrance Free (1 Oz.)",B09Q5PXKVH,https://m.media-amazon.com/images/I/6160Nd+eQbL._AC_UL320_.jpg,2 sizes,True,$14.76 with Subscribe & Save discount$16.40,4.6 out of 5 stars,441
https://www.amazon.com/Honey-Pot-Company-Sensitive-Sulfates/dp/B0C381CKRN/ref=sr_1_93?keywords=feminine+wash&qid=1708003326&sr=8-93,The Honey Pot Company - Feminine Wash & Feminine Wipe Bundle - Includes Unscented Ph Balance Feminine Wash and Wipes for Women - Herbal Infused Feminine Care Products - Sensitive,B0C381CKRN,https://m.media-amazon.com/images/I/617izLFkMBL._AC_UL320_.jpg,$19.49,False,10% coupon applied at checkoutSave 10% with coupon$21.98,4.7 out of 5 stars,205
https://www.amazon.com/forvirness-Feminine-Cleaning-Factor-Vaginal/dp/B0B86ZY3XR/ref=sr_1_94?keywords=feminine+wash&qid=1708003326&sr=8-94,"Feminine Wash with Cleaning Factor, Vaginal Wash - Clean, Remove Odor, pH Balance for Women, Gynecologist Tested Peach Yoni Wash with Coconut Oil, Aloe Vera Extract, 6.7 fl.oz Intimate Wash",B0B86ZY3XR,https://m.media-amazon.com/images/I/71+PR6do6OL._AC_UL320_.jpg,$9.98,True,Save more with Subscribe & Save$1.49,4.2 out of 5 stars,76
https://www.amazon.com/Essential-Feminine-Moisturizing-Vaginial-Deodorants/dp/B0C3H2DFY6/ref=sr_1_95?keywords=feminine+wash&qid=1708003326&sr=8-95,"4 pack Yoni Wash Yoni Essential Oil Soap for Women Set, 2 * 30ml Feminine Oil, 6.7 fl.oz Feminine Wash, 5.29oz Yoni Soap Bar, Moisturizing Remove Odor, pH Balance & Vaginial Deodorants, Rose",B0C3H2DFY6,https://m.media-amazon.com/images/I/71XeaPgPFDL._AC_UL320_.jpg,$18.99,True,Save more with Subscribe & Save$4.75,4.3 out of 5 stars,65
https://www.amazon.com/Summers-Eve-Hydrating-Cleansing-Feminine/dp/B0B6QD5J3Q/ref=sr_1_96?keywords=feminine+wash&qid=1708003326&sr=8-96,"Summer's Eve Spa Set for Women | Gift Box | Women's Post Shave Hydrating Serum, 1oz Tube | Cleansing Feminine Wash, 12oz Bottle, 2 Piece Set",B0B6QD5J3Q,https://m.media-amazon.com/images/I/61KGrFdhOzL._AC_UL320_.jpg,$13.00,True,List:$6.50,4.2 out of 5 stars,64
https://www.amazon.com/Femfresh-250ml-Ultimate-Soothing-Balanced/dp/B01HQVI6BK/ref=sr_1_97?dib=eyJ2IjoiMSJ9.97ZtercySI0ImjsBNl5raSTYy5FFX7kPjBzI7WFvKAR0TWRzi1-EDa252VSpYpdnCgeHgoM1pAeRVi_Erlfawy4ay0lfNP7HcfARhGKUE7FkScGv3CqVzYgO7GCta6Hx5A3wUZ5cv-8ZovDb-HelklywIWM216Hl-bKaelyB7JobI-QF4U-VHZu1Q4hwIqJ4OV7hcPIElhCgTtSnbgba4VUe04PwbhCRbwLw_nol-v0i09Halwu3VRAmxai7tZ9Hj3dYaJ66GETKVSxDTIsYrU3BNydh4r0yWEmUc2Tw5Yc.6N8Nub69ZrS0AvBuoCXOVb_zYuY4b0HhRUPpu8MkPvU&dib_tag=se&keywords=feminine+wash&qid=1708003734&sr=8-97,"Femfresh 250ml Ultimate Care Soothing Wash,Ph Balanced by Femfresh",B01HQVI6BK,https://m.media-amazon.com/images/I/517-Db4klkS._AC_UL320_.jpg,$6.95,True,Save more with Subscribe & Save$0.82,4.5 out of 5 stars,188
https://www.amazon.com/Feminine-Vaginal-Balance-Moisturizing-Pineapple/dp/B0CGNCM636/ref=sr_1_98?dib=eyJ2IjoiMSJ9.97ZtercySI0ImjsBNl5raSTYy5FFX7kPjBzI7WFvKAR0TWRzi1-EDa252VSpYpdnCgeHgoM1pAeRVi_Erlfawy4ay0lfNP7HcfARhGKUE7FkScGv3CqVzYgO7GCta6Hx5A3wUZ5cv-8ZovDb-HelklywIWM216Hl-bKaelyB7JobI-QF4U-VHZu1Q4hwIqJ4OV7hcPIElhCgTtSnbgba4VUe04PwbhCRbwLw_nol-v0i09Halwu3VRAmxai7tZ9Hj3dYaJ66GETKVSxDTIsYrU3BNydh4r0yWEmUc2Tw5Yc.6N8Nub69ZrS0AvBuoCXOVb_zYuY4b0HhRUPpu8MkPvU&dib_tag=se&keywords=feminine+wash&qid=1708003734&sr=8-98,"Feminine Wash & Yoni Oil & Yoni Soap Set for Women, Yoni Wash for Vaginal Ph Balance Remove Odor Moisturizing, 1.17 Fl.Oz Feminine Oil & 5.07 Fl.Oz Vaginal Wash 3.53oz Yoni Soap Bar, Pineapple Scent",B0CGNCM636,https://m.media-amazon.com/images/I/71+JP4UQr8L._AC_UL320_.jpg,$19.99,True,Save more with Subscribe & Save$5.66,4.1 out of 5 stars,75
https://www.amazon.com/Honey-Pot-Company-Anti-Itch-Discomfort/dp/B0BYQ55TY1/ref=sr_1_99?dib=eyJ2IjoiMSJ9.97ZtercySI0ImjsBNl5raSTYy5FFX7kPjBzI7WFvKAR0TWRzi1-EDa252VSpYpdnCgeHgoM1pAeRVi_Erlfawy4ay0lfNP7HcfARhGKUE7FkScGv3CqVzYgO7GCta6Hx5A3wUZ5cv-8ZovDb-HelklywIWM216Hl-bKaelyB7JobI-QF4U-VHZu1Q4hwIqJ4OV7hcPIElhCgTtSnbgba4VUe04PwbhCRbwLw_nol-v0i09Halwu3VRAmxai7tZ9Hj3dYaJ66GETKVSxDTIsYrU3BNydh4r0yWEmUc2Tw5Yc.6N8Nub69ZrS0AvBuoCXOVb_zYuY4b0HhRUPpu8MkPvU&dib_tag=se&keywords=feminine+wash&qid=1708003734&sr=8-99,The Honey Pot Company - Anti-Itch Soothing Colloidal Oatmeal Wash - Plant Derived Feminine Care - Ultra Mild Solution to Relieve Itching and Discomfort - 6 fl. oz.,B0BYQ55TY1,https://m.media-amazon.com/images/I/61RZJyVs3VL._AC_UL320_.jpg,$11.99,True,($2.00$2.00/Fl Oz)$2.00,4.6 out of 5 stars,144
https://www.amazon.com/Summers-Eve-Hydrating-Cleansing-Feminine/dp/B0B6QD5J3Q/ref=sr_1_100?dib=eyJ2IjoiMSJ9.97ZtercySI0ImjsBNl5raSTYy5FFX7kPjBzI7WFvKAR0TWRzi1-EDa252VSpYpdnCgeHgoM1pAeRVi_Erlfawy4ay0lfNP7HcfARhGKUE7FkScGv3CqVzYgO7GCta6Hx5A3wUZ5cv-8ZovDb-HelklywIWM216Hl-bKaelyB7JobI-QF4U-VHZu1Q4hwIqJ4OV7hcPIElhCgTtSnbgba4VUe04PwbhCRbwLw_nol-v0i09Halwu3VRAmxai7tZ9Hj3dYaJ66GETKVSxDTIsYrU3BNydh4r0yWEmUc2Tw5Yc.6N8Nub69ZrS0AvBuoCXOVb_zYuY4b0HhRUPpu8MkPvU&dib_tag=se&keywords=feminine+wash&qid=1708003734&sr=8-100,"Summer's Eve Spa Set for Women | Gift Box | Women's Post Shave Hydrating Serum, 1oz Tube | Cleansing Feminine Wash, 12oz Bottle, 2 Piece Set",B0B6QD5J3Q,https://m.media-amazon.com/images/I/61KGrFdhOzL._AC_UL320_.jpg,$13.00,True,List:$6.50,4.2 out of 5 stars,64
https://www.amazon.com/Vagisil-Odor-Block-Ounce-236ml/dp/B06WLLHT8S/ref=sr_1_101?dib=eyJ2IjoiMSJ9.97ZtercySI0ImjsBNl5raSTYy5FFX7kPjBzI7WFvKAR0TWRzi1-EDa252VSpYpdnCgeHgoM1pAeRVi_Erlfawy4ay0lfNP7HcfARhGKUE7FkScGv3CqVzYgO7GCta6Hx5A3wUZ5cv-8ZovDb-HelklywIWM216Hl-bKaelyB7JobI-QF4U-VHZu1Q4hwIqJ4OV7hcPIElhCgTtSnbgba4VUe04PwbhCRbwLw_nol-v0i09Halwu3VRAmxai7tZ9Hj3dYaJ66GETKVSxDTIsYrU3BNydh4r0yWEmUc2Tw5Yc.6N8Nub69ZrS0AvBuoCXOVb_zYuY4b0HhRUPpu8MkPvU&dib_tag=se&keywords=feminine+wash&qid=1708003734&sr=8-101,"Vagisil Odor Block Wash Ounce 236ml, 8 Fl Oz",B06WLLHT8S,https://m.media-amazon.com/images/I/61I+3YIWpxL._AC_UL320_.jpg,$8.28,True,Save more with Subscribe & Save$1.04,4.6 out of 5 stars,325
https://www.amazon.com/Her-Fantasy-Box-Sensitive-Feminine/dp/B0CSKT4XK5/ref=sr_1_102?dib=eyJ2IjoiMSJ9.97ZtercySI0ImjsBNl5raSTYy5FFX7kPjBzI7WFvKAR0TWRzi1-EDa252VSpYpdnCgeHgoM1pAeRVi_Erlfawy4ay0lfNP7HcfARhGKUE7FkScGv3CqVzYgO7GCta6Hx5A3wUZ5cv-8ZovDb-HelklywIWM216Hl-bKaelyB7JobI-QF4U-VHZu1Q4hwIqJ4OV7hcPIElhCgTtSnbgba4VUe04PwbhCRbwLw_nol-v0i09Halwu3VRAmxai7tZ9Hj3dYaJ66GETKVSxDTIsYrU3BNydh4r0yWEmUc2Tw5Yc.6N8Nub69ZrS0AvBuoCXOVb_zYuY4b0HhRUPpu8MkPvU&dib_tag=se&keywords=feminine+wash&qid=1708003734&sr=8-102,| Boric Balance Sensitive Feminine Wash,B0CSKT4XK5,https://m.media-amazon.com/images/I/61l5n53HI6L._AC_UL320_.jpg,$13.99,True,List:$1.75,5.0 out of 5 stars,1
https://www.amazon.com/LACTACYD-FEMINA-INTIMATE-WASHING-LOTION/dp/B01DFAI4U4/ref=sr_1_103?dib=eyJ2IjoiMSJ9.97ZtercySI0ImjsBNl5raSTYy5FFX7kPjBzI7WFvKAR0TWRzi1-EDa252VSpYpdnCgeHgoM1pAeRVi_Erlfawy4ay0lfNP7HcfARhGKUE7FkScGv3CqVzYgO7GCta6Hx5A3wUZ5cv-8ZovDb-HelklywIWM216Hl-bKaelyB7JobI-QF4U-VHZu1Q4hwIqJ4OV7hcPIElhCgTtSnbgba4VUe04PwbhCRbwLw_nol-v0i09Halwu3VRAmxai7tZ9Hj3dYaJ66GETKVSxDTIsYrU3BNydh4r0yWEmUc2Tw5Yc.6N8Nub69ZrS0AvBuoCXOVb_zYuY4b0HhRUPpu8MkPvU&dib_tag=se&keywords=feminine+wash&qid=1708003734&sr=8-103,LACTACYD FEMINA Intimate Washing Lotion 200ML Every Day USE,B01DFAI4U4,https://m.media-amazon.com/images/I/517hSsaqTNL._AC_UL320_.jpg,$15.99,True,($2.37$2.37/Fl Oz)$2.37,4.9 out of 5 stars,43
https://www.amazon.com/Vaginal-Natural-Vaginial-Deodorants-Feminine/dp/B09JWSLR1G/ref=sr_1_104?dib=eyJ2IjoiMSJ9.97ZtercySI0ImjsBNl5raSTYy5FFX7kPjBzI7WFvKAR0TWRzi1-EDa252VSpYpdnCgeHgoM1pAeRVi_Erlfawy4ay0lfNP7HcfARhGKUE7FkScGv3CqVzYgO7GCta6Hx5A3wUZ5cv-8ZovDb-HelklywIWM216Hl-bKaelyB7JobI-QF4U-VHZu1Q4hwIqJ4OV7hcPIElhCgTtSnbgba4VUe04PwbhCRbwLw_nol-v0i09Halwu3VRAmxai7tZ9Hj3dYaJ66GETKVSxDTIsYrU3BNydh4r0yWEmUc2Tw5Yc.6N8Nub69ZrS0AvBuoCXOVb_zYuY4b0HhRUPpu8MkPvU&dib_tag=se&keywords=feminine+wash&qid=1708003734&sr=8-104,"Yoni Soap Bars Vaginal Wash 2 PCS, 100% Natural Organic Yoni Bar Soap for Women Ph Balance Yoni Wash Vaginial Deodorants Vaginal Care Soap with Foaming Net, Vagina Soap Feminine Wash 3.53 OZ",B09JWSLR1G,https://m.media-amazon.com/images/I/61nTyMOxcJL._AC_UL320_.jpg,$8.99,True,$8.54 with Subscribe & Save discount$4.50,4.4 out of 5 stars,1079
https://www.amazon.com/Skin-Elements-Intimate-Chamomile-Calendula/dp/B08VGRH8FN/ref=sr_1_105?dib=eyJ2IjoiMSJ9.97ZtercySI0ImjsBNl5raSTYy5FFX7kPjBzI7WFvKAR0TWRzi1-EDa252VSpYpdnCgeHgoM1pAeRVi_Erlfawy4ay0lfNP7HcfARhGKUE7FkScGv3CqVzYgO7GCta6Hx5A3wUZ5cv-8ZovDb-HelklywIWM216Hl-bKaelyB7JobI-QF4U-VHZu1Q4hwIqJ4OV7hcPIElhCgTtSnbgba4VUe04PwbhCRbwLw_nol-v0i09Halwu3VRAmxai7tZ9Hj3dYaJ66GETKVSxDTIsYrU3BNydh4r0yWEmUc2Tw5Yc.6N8Nub69ZrS0AvBuoCXOVb_zYuY4b0HhRUPpu8MkPvU&dib_tag=se&keywords=feminine+wash&qid=1708003734&sr=8-105,"Skin Elements Intimate wash for Women (4.05 Fl Oz.) with Rose & Chamomile Water, Calendula & Aloe Vera Extracts | Prevents Itching, Irritation & Bad Odor |",B08VGRH8FN,https://m.media-amazon.com/images/I/71Ud9jQMQhL._AC_UL320_.jpg,$10.00,True,$9.00 with Subscribe & Save discount5% coupon applied at checkoutSave 5% with coupon$2.47,4.4 out of 5 stars,128
https://www.amazon.com/Beauty-Formulas-Feminine-Intimate-Cleansing/dp/B008TAXGOK/ref=sr_1_106?dib=eyJ2IjoiMSJ9.97ZtercySI0ImjsBNl5raSTYy5FFX7kPjBzI7WFvKAR0TWRzi1-EDa252VSpYpdnCgeHgoM1pAeRVi_Erlfawy4ay0lfNP7HcfARhGKUE7FkScGv3CqVzYgO7GCta6Hx5A3wUZ5cv-8ZovDb-HelklywIWM216Hl-bKaelyB7JobI-QF4U-VHZu1Q4hwIqJ4OV7hcPIElhCgTtSnbgba4VUe04PwbhCRbwLw_nol-v0i09Halwu3VRAmxai7tZ9Hj3dYaJ66GETKVSxDTIsYrU3BNydh4r0yWEmUc2Tw5Yc.6N8Nub69ZrS0AvBuoCXOVb_zYuY4b0HhRUPpu8MkPvU&dib_tag=se&keywords=feminine+wash&qid=1708003734&sr=8-106,Beauty Formulas Feminine Intimate Cleansing Wash Gentle PH5.5 250ml by Beauty Formulas,B008TAXGOK,https://m.media-amazon.com/images/I/612YKnpsyJL._AC_UL320_.jpg,$14.99,True,Save more with Subscribe & Save$1.76,4.5 out of 5 stars,92
https://www.amazon.com/Isabel-Fay-Balanced-Feminine-sensitive/dp/B0C1SWJJ5R/ref=sr_1_107?dib=eyJ2IjoiMSJ9.97ZtercySI0ImjsBNl5raSTYy5FFX7kPjBzI7WFvKAR0TWRzi1-EDa252VSpYpdnCgeHgoM1pAeRVi_Erlfawy4ay0lfNP7HcfARhGKUE7FkScGv3CqVzYgO7GCta6Hx5A3wUZ5cv-8ZovDb-HelklywIWM216Hl-bKaelyB7JobI-QF4U-VHZu1Q4hwIqJ4OV7hcPIElhCgTtSnbgba4VUe04PwbhCRbwLw_nol-v0i09Halwu3VRAmxai7tZ9Hj3dYaJ66GETKVSxDTIsYrU3BNydh4r0yWEmUc2Tw5Yc.6N8Nub69ZrS0AvBuoCXOVb_zYuY4b0HhRUPpu8MkPvU&dib_tag=se&keywords=feminine+wash&qid=1708003734&sr=8-107,ph Balanced Feminine Intimate Foam Wash gentle and safe for sensitive skin,B0C1SWJJ5R,https://m.media-amazon.com/images/I/510ZTiQxGgL._AC_UL320_.jpg,$9.95,True,$9.45 with Subscribe & Save discount$2.49,4.7 out of 5 stars,31
https://www.amazon.com/intimate-cleansing-feminine-wash-fresh/dp/B0BNPC1G4R/ref=sr_1_108?dib=eyJ2IjoiMSJ9.97ZtercySI0ImjsBNl5raSTYy5FFX7kPjBzI7WFvKAR0TWRzi1-EDa252VSpYpdnCgeHgoM1pAeRVi_Erlfawy4ay0lfNP7HcfARhGKUE7FkScGv3CqVzYgO7GCta6Hx5A3wUZ5cv-8ZovDb-HelklywIWM216Hl-bKaelyB7JobI-QF4U-VHZu1Q4hwIqJ4OV7hcPIElhCgTtSnbgba4VUe04PwbhCRbwLw_nol-v0i09Halwu3VRAmxai7tZ9Hj3dYaJ66GETKVSxDTIsYrU3BNydh4r0yWEmUc2Tw5Yc.6N8Nub69ZrS0AvBuoCXOVb_zYuY4b0HhRUPpu8MkPvU&dib_tag=se&keywords=feminine+wash&qid=1708003734&sr=8-108,intimate cleansing feminine wash sure & fresh,B0BNPC1G4R,https://m.media-amazon.com/images/I/61eveS-f6ZL._AC_UL320_.jpg,$9.99,True,($1.33$1.33/Fl Oz)$1.33,5.0 out of 5 stars,1
https://www.amazon.com/Summers-Eve-Cleansing-Sensitive-Island/dp/B00KOCAO6E/ref=sr_1_109?dib=eyJ2IjoiMSJ9.97ZtercySI0ImjsBNl5raSTYy5FFX7kPjBzI7WFvKAR0TWRzi1-EDa252VSpYpdnCgeHgoM1pAeRVi_Erlfawy4ay0lfNP7HcfARhGKUE7FkScGv3CqVzYgO7GCta6Hx5A3wUZ5cv-8ZovDb-HelklywIWM216Hl-bKaelyB7JobI-QF4U-VHZu1Q4hwIqJ4OV7hcPIElhCgTtSnbgba4VUe04PwbhCRbwLw_nol-v0i09Halwu3VRAmxai7tZ9Hj3dYaJ66GETKVSxDTIsYrU3BNydh4r0yWEmUc2Tw5Yc.6N8Nub69ZrS0AvBuoCXOVb_zYuY4b0HhRUPpu8MkPvU&dib_tag=se&keywords=feminine+wash&qid=1708003734&sr=8-109,"Summer's Eve Cleansing Wash for Sensitive Skin, Island Splash 9 oz",B00KOCAO6E,https://m.media-amazon.com/images/I/41I8Q9IOcvL._AC_UL320_.jpg,"3 sizes, 2 scents",True,($0.87$0.87/Ounce)$0.87,4.6 out of 5 stars,90
https://www.amazon.com/Fresca-Feminine-Hygiene-Wash-16oz/dp/B00NFUFKJ8/ref=sr_1_110?dib=eyJ2IjoiMSJ9.97ZtercySI0ImjsBNl5raSTYy5FFX7kPjBzI7WFvKAR0TWRzi1-EDa252VSpYpdnCgeHgoM1pAeRVi_Erlfawy4ay0lfNP7HcfARhGKUE7FkScGv3CqVzYgO7GCta6Hx5A3wUZ5cv-8ZovDb-HelklywIWM216Hl-bKaelyB7JobI-QF4U-VHZu1Q4hwIqJ4OV7hcPIElhCgTtSnbgba4VUe04PwbhCRbwLw_nol-v0i09Halwu3VRAmxai7tZ9Hj3dYaJ66GETKVSxDTIsYrU3BNydh4r0yWEmUc2Tw5Yc.6N8Nub69ZrS0AvBuoCXOVb_zYuY4b0HhRUPpu8MkPvU&dib_tag=se&keywords=feminine+wash&qid=1708003734&sr=8-110,Feminine Hygiene Wash 16oz (2 Pack),B00NFUFKJ8,https://m.media-amazon.com/images/I/614YcGO04uL._AC_UL320_.jpg,$19.91,False,Typical:$0.62,4.4 out of 5 stars,53
https://www.amazon.com/Borasol-Antiseptic-Refreshing-Deodorant-Vaginal/dp/B006T3IY64/ref=sr_1_111?dib=eyJ2IjoiMSJ9.97ZtercySI0ImjsBNl5raSTYy5FFX7kPjBzI7WFvKAR0TWRzi1-EDa252VSpYpdnCgeHgoM1pAeRVi_Erlfawy4ay0lfNP7HcfARhGKUE7FkScGv3CqVzYgO7GCta6Hx5A3wUZ5cv-8ZovDb-HelklywIWM216Hl-bKaelyB7JobI-QF4U-VHZu1Q4hwIqJ4OV7hcPIElhCgTtSnbgba4VUe04PwbhCRbwLw_nol-v0i09Halwu3VRAmxai7tZ9Hj3dYaJ66GETKVSxDTIsYrU3BNydh4r0yWEmUc2Tw5Yc.6N8Nub69ZrS0AvBuoCXOVb_zYuY4b0HhRUPpu8MkPvU&dib_tag=se&keywords=feminine+wash&qid=1708003734&sr=8-111,Antiseptic Powder Refreshing Deodorant and Vaginal Wash 4 OZ,B006T3IY64,https://m.media-amazon.com/images/I/71BRBIYCMKL._AC_UL320_.jpg,$12.89,True,Typical:$3.22,4.7 out of 5 stars,188
https://www.amazon.com/Feminine-Natural-Organic-Strawberry-Eliminates/dp/B0CCKY6ST5/ref=sr_1_112?dib=eyJ2IjoiMSJ9.97ZtercySI0ImjsBNl5raSTYy5FFX7kPjBzI7WFvKAR0TWRzi1-EDa252VSpYpdnCgeHgoM1pAeRVi_Erlfawy4ay0lfNP7HcfARhGKUE7FkScGv3CqVzYgO7GCta6Hx5A3wUZ5cv-8ZovDb-HelklywIWM216Hl-bKaelyB7JobI-QF4U-VHZu1Q4hwIqJ4OV7hcPIElhCgTtSnbgba4VUe04PwbhCRbwLw_nol-v0i09Halwu3VRAmxai7tZ9Hj3dYaJ66GETKVSxDTIsYrU3BNydh4r0yWEmUc2Tw5Yc.6N8Nub69ZrS0AvBuoCXOVb_zYuY4b0HhRUPpu8MkPvU&dib_tag=se&keywords=feminine+wash&qid=1708003734&sr=8-112,"Yoni Soap Bars Feminine Wash 2 PCS, 100% Natural Organic Strawberry Yoni Bar Soap for Women Ph Balance Yoni Wash Eliminates Odor Ph Balance Yoni Care Soap with Foaming Net, Feminine Wash 5.29oz",B0CCKY6ST5,https://m.media-amazon.com/images/I/71rpWp-IBfL._AC_UL320_.jpg,$9.99,True,Save more with Subscribe & Save$1.89,4.3 out of 5 stars,62
https://www.amazon.com/Femfresh-250ml-Ultimate-Active-Fresh/dp/B01LTHL4JI/ref=sr_1_113?dib=eyJ2IjoiMSJ9.97ZtercySI0ImjsBNl5raSTYy5FFX7kPjBzI7WFvKAR0TWRzi1-EDa252VSpYpdnCgeHgoM1pAeRVi_Erlfawy4ay0lfNP7HcfARhGKUE7FkScGv3CqVzYgO7GCta6Hx5A3wUZ5cv-8ZovDb-HelklywIWM216Hl-bKaelyB7JobI-QF4U-VHZu1Q4hwIqJ4OV7hcPIElhCgTtSnbgba4VUe04PwbhCRbwLw_nol-v0i09Halwu3VRAmxai7tZ9Hj3dYaJ66GETKVSxDTIsYrU3BNydh4r0yWEmUc2Tw5Yc.6N8Nub69ZrS0AvBuoCXOVb_zYuY4b0HhRUPpu8MkPvU&dib_tag=se&keywords=feminine+wash&qid=1708003734&sr=8-113,Femfresh 250ml Ultimate Care Active Fresh Wash - by Femfresh,B01LTHL4JI,https://m.media-amazon.com/images/I/51mM0SKX+LL._AC_UL320_.jpg,$9.99,False,($1.18$1.18/Fl Oz)$1.18,4.5 out of 5 stars,569
https://www.amazon.com/Feminine-Vaginal-Balance-Remove-Moisturizing/dp/B0C1VZTJKP/ref=sr_1_114?dib=eyJ2IjoiMSJ9.97ZtercySI0ImjsBNl5raSTYy5FFX7kPjBzI7WFvKAR0TWRzi1-EDa252VSpYpdnCgeHgoM1pAeRVi_Erlfawy4ay0lfNP7HcfARhGKUE7FkScGv3CqVzYgO7GCta6Hx5A3wUZ5cv-8ZovDb-HelklywIWM216Hl-bKaelyB7JobI-QF4U-VHZu1Q4hwIqJ4OV7hcPIElhCgTtSnbgba4VUe04PwbhCRbwLw_nol-v0i09Halwu3VRAmxai7tZ9Hj3dYaJ66GETKVSxDTIsYrU3BNydh4r0yWEmUc2Tw5Yc.6N8Nub69ZrS0AvBuoCXOVb_zYuY4b0HhRUPpu8MkPvU&dib_tag=se&keywords=feminine+wash&qid=1708003734&sr=8-114,"Feminine Wash & Yoni Oil & Yoni Soap Set for Women, Yoni Wash for Vaginal Ph Balance Remove Odor Moisturizing, 1 Fl.Oz Feminine Oil & 5.07 Fl.Oz Vaginal Wash 3.53 Oz Peach Yoni Soap Bar",B0C1VZTJKP,https://m.media-amazon.com/images/I/615hQR8zZtL._AC_UL320_.jpg,$17.99,True,$17.09 with Subscribe & Save discount$6.00,4.4 out of 5 stars,694
https://www.amazon.com/Vagisil-Feminine-Wash-12z-Size/dp/B074LX12JB/ref=sr_1_115?dib=eyJ2IjoiMSJ9.97ZtercySI0ImjsBNl5raSTYy5FFX7kPjBzI7WFvKAR0TWRzi1-EDa252VSpYpdnCgeHgoM1pAeRVi_Erlfawy4ay0lfNP7HcfARhGKUE7FkScGv3CqVzYgO7GCta6Hx5A3wUZ5cv-8ZovDb-HelklywIWM216Hl-bKaelyB7JobI-QF4U-VHZu1Q4hwIqJ4OV7hcPIElhCgTtSnbgba4VUe04PwbhCRbwLw_nol-v0i09Halwu3VRAmxai7tZ9Hj3dYaJ66GETKVSxDTIsYrU3BNydh4r0yWEmUc2Tw5Yc.6N8Nub69ZrS0AvBuoCXOVb_zYuY4b0HhRUPpu8MkPvU&dib_tag=se&keywords=feminine+wash&qid=1708003734&sr=8-115,"Vagisil, pH Balance Wash, Light & Fresh Scent, 12 Ounce",B074LX12JB,https://m.media-amazon.com/images/I/61FiQnhmZ1L._AC_UL320_.jpg,,False,,4.4 out of 5 stars,27
https://www.amazon.com/OrganiWash-2-5oz-Menstrual-Perfume-Free-Certified/dp/B0791HCM8J/ref=sr_1_116?dib=eyJ2IjoiMSJ9.97ZtercySI0ImjsBNl5raSTYy5FFX7kPjBzI7WFvKAR0TWRzi1-EDa252VSpYpdnCgeHgoM1pAeRVi_Erlfawy4ay0lfNP7HcfARhGKUE7FkScGv3CqVzYgO7GCta6Hx5A3wUZ5cv-8ZovDb-HelklywIWM216Hl-bKaelyB7JobI-QF4U-VHZu1Q4hwIqJ4OV7hcPIElhCgTtSnbgba4VUe04PwbhCRbwLw_nol-v0i09Halwu3VRAmxai7tZ9Hj3dYaJ66GETKVSxDTIsYrU3BNydh4r0yWEmUc2Tw5Yc.6N8Nub69ZrS0AvBuoCXOVb_zYuY4b0HhRUPpu8MkPvU&dib_tag=se&keywords=feminine+wash&qid=1708003734&sr=8-116,OrganiWash 2.5 Fl Oz - Mild Cleanser for The Body and Menstrual Cup - Organic Intimate Cleansing Soap - Perfume-Free - Vegan - Allergy Certified - pH Balanced,B0791HCM8J,https://m.media-amazon.com/images/I/71sNXlIWXML._AC_UL320_.jpg,$8.45,True,$7.61 with Subscribe & Save discount$3.31,4.7 out of 5 stars,2316
https://www.amazon.com/Vagisil-Scentsitive-Scents-Blossom-4Count/dp/B093CCS271/ref=sr_1_117?dib=eyJ2IjoiMSJ9.97ZtercySI0ImjsBNl5raSTYy5FFX7kPjBzI7WFvKAR0TWRzi1-EDa252VSpYpdnCgeHgoM1pAeRVi_Erlfawy4ay0lfNP7HcfARhGKUE7FkScGv3CqVzYgO7GCta6Hx5A3wUZ5cv-8ZovDb-HelklywIWM216Hl-bKaelyB7JobI-QF4U-VHZu1Q4hwIqJ4OV7hcPIElhCgTtSnbgba4VUe04PwbhCRbwLw_nol-v0i09Halwu3VRAmxai7tZ9Hj3dYaJ66GETKVSxDTIsYrU3BNydh4r0yWEmUc2Tw5Yc.6N8Nub69ZrS0AvBuoCXOVb_zYuY4b0HhRUPpu8MkPvU&dib_tag=se&keywords=feminine+wash&qid=1708003734&sr=8-117,"Vagisil Scentsitive Scents Feminine Dry Wash Deodorant Spray for Women, Gynecologist Tested, Paraben Free, Peach Blossom, 2.6 Ounce (Pack of 4)",B093CCS271,https://m.media-amazon.com/images/I/91eaJihcJfS._AC_UL320_.jpg,$10.28,True,$9.77 with Subscribe & Save discount$0.99,4.6 out of 5 stars,698
https://www.amazon.com/Femfresh-Soap-Free-Wash-150Ml/dp/B004NIX5CU/ref=sr_1_118?dib=eyJ2IjoiMSJ9.97ZtercySI0ImjsBNl5raSTYy5FFX7kPjBzI7WFvKAR0TWRzi1-EDa252VSpYpdnCgeHgoM1pAeRVi_Erlfawy4ay0lfNP7HcfARhGKUE7FkScGv3CqVzYgO7GCta6Hx5A3wUZ5cv-8ZovDb-HelklywIWM216Hl-bKaelyB7JobI-QF4U-VHZu1Q4hwIqJ4OV7hcPIElhCgTtSnbgba4VUe04PwbhCRbwLw_nol-v0i09Halwu3VRAmxai7tZ9Hj3dYaJ66GETKVSxDTIsYrU3BNydh4r0yWEmUc2Tw5Yc.6N8Nub69ZrS0AvBuoCXOVb_zYuY4b0HhRUPpu8MkPvU&dib_tag=se&keywords=feminine+wash&qid=1708003734&sr=8-118,Femfresh Soap Free Wash 150Ml,B004NIX5CU,https://m.media-amazon.com/images/I/41a19rs-JPL._AC_UL320_.jpg,$10.19,True,($2.00$2.00/Fl Oz)$2.00,3.7 out of 5 stars,10
https://www.amazon.com/Muun-Yoni-Soap-Bar-Moisturizing/dp/B09XQXV7GS/ref=sr_1_119?dib=eyJ2IjoiMSJ9.97ZtercySI0ImjsBNl5raSTYy5FFX7kPjBzI7WFvKAR0TWRzi1-EDa252VSpYpdnCgeHgoM1pAeRVi_Erlfawy4ay0lfNP7HcfARhGKUE7FkScGv3CqVzYgO7GCta6Hx5A3wUZ5cv-8ZovDb-HelklywIWM216Hl-bKaelyB7JobI-QF4U-VHZu1Q4hwIqJ4OV7hcPIElhCgTtSnbgba4VUe04PwbhCRbwLw_nol-v0i09Halwu3VRAmxai7tZ9Hj3dYaJ66GETKVSxDTIsYrU3BNydh4r0yWEmUc2Tw5Yc.6N8Nub69ZrS0AvBuoCXOVb_zYuY4b0HhRUPpu8MkPvU&dib_tag=se&keywords=feminine+wash&qid=1708003734&sr=8-119,Yoni Soap Bar - Pack 3 Ph Balance Probiotics & Natural Ingredients - Gentle Cleansing Formula Eliminates Odor Vaginal Health - Feminine Wash - Moisturizing Intimate (Rose),B09XQXV7GS,https://m.media-amazon.com/images/I/61y6nfrrZaL._AC_UL320_.jpg,3 scents,True,$9.49 with Subscribe & Save discount$0.94,4.1 out of 5 stars,489
https://www.amazon.com/Her-Fantasy-Box-Yummy-Body/dp/B0CK4FQVFN/ref=sr_1_120?dib=eyJ2IjoiMSJ9.97ZtercySI0ImjsBNl5raSTYy5FFX7kPjBzI7WFvKAR0TWRzi1-EDa252VSpYpdnCgeHgoM1pAeRVi_Erlfawy4ay0lfNP7HcfARhGKUE7FkScGv3CqVzYgO7GCta6Hx5A3wUZ5cv-8ZovDb-HelklywIWM216Hl-bKaelyB7JobI-QF4U-VHZu1Q4hwIqJ4OV7hcPIElhCgTtSnbgba4VUe04PwbhCRbwLw_nol-v0i09Halwu3VRAmxai7tZ9Hj3dYaJ66GETKVSxDTIsYrU3BNydh4r0yWEmUc2Tw5Yc.6N8Nub69ZrS0AvBuoCXOVb_zYuY4b0HhRUPpu8MkPvU&dib_tag=se&keywords=feminine+wash&qid=1708003734&sr=8-120,| Yummy Body Wash - Indulgent and Luxurious Body Wash,B0CK4FQVFN,https://m.media-amazon.com/images/I/61gphnZN6dL._AC_UL320_.jpg,$13.99,False,($13.99$13.99/Fl Oz)$13.99,,1
https://www.amazon.com/Lactacyd-Femina-Emulsion-Intimate-Hygiene/dp/B00R9ODR96/ref=sr_1_121?dib=eyJ2IjoiMSJ9.97ZtercySI0ImjsBNl5raSTYy5FFX7kPjBzI7WFvKAR0TWRzi1-EDa252VSpYpdnCgeHgoM1pAeRVi_Erlfawy4ay0lfNP7HcfARhGKUE7FkScGv3CqVzYgO7GCta6Hx5A3wUZ5cv-8ZovDb-HelklywIWM216Hl-bKaelyB7JobI-QF4U-VHZu1Q4hwIqJ4OV7hcPIElhCgTtSnbgba4VUe04PwbhCRbwLw_nol-v0i09Halwu3VRAmxai7tZ9Hj3dYaJ66GETKVSxDTIsYrU3BNydh4r0yWEmUc2Tw5Yc.6N8Nub69ZrS0AvBuoCXOVb_zYuY4b0HhRUPpu8MkPvU&dib_tag=se&keywords=feminine+wash&qid=1708003734&sr=8-121,Lactacyd Femina Emulsion for Intimate Hygiene 200 ml,B00R9ODR96,https://m.media-amazon.com/images/I/616tXG3HgCL._AC_UL320_.jpg,$12.48,True,($1.85$1.85/Fl Oz)$1.85,4.4 out of 5 stars,25
https://www.amazon.com/Vagisil-Freshening-Feminine-Gynecologist-Resealable/dp/B0845FFRCG/ref=sr_1_122?dib=eyJ2IjoiMSJ9.97ZtercySI0ImjsBNl5raSTYy5FFX7kPjBzI7WFvKAR0TWRzi1-EDa252VSpYpdnCgeHgoM1pAeRVi_Erlfawy4ay0lfNP7HcfARhGKUE7FkScGv3CqVzYgO7GCta6Hx5A3wUZ5cv-8ZovDb-HelklywIWM216Hl-bKaelyB7JobI-QF4U-VHZu1Q4hwIqJ4OV7hcPIElhCgTtSnbgba4VUe04PwbhCRbwLw_nol-v0i09Halwu3VRAmxai7tZ9Hj3dYaJ66GETKVSxDTIsYrU3BNydh4r0yWEmUc2Tw5Yc.6N8Nub69ZrS0AvBuoCXOVb_zYuY4b0HhRUPpu8MkPvU&dib_tag=se&keywords=feminine+wash&qid=1708003734&sr=8-122,"Vagisil Odor Block Daily Freshening Wipes for Feminine Hygiene in Resealable Pouch, Gynecologist Tested & Hypoallergenic, 20 Wipes (Pack of 1)",B0845FFRCG,https://m.media-amazon.com/images/I/81IAr5QaAoL._AC_UL320_.jpg,2 sizes,True,$3.12 with Subscribe & Save discountSave 5% on 4 select item(s)$0.16,4.6 out of 5 stars,7760
https://www.amazon.com/Vagisil-Anti-Itch-Medicated-Resealable-Packaging/dp/B085WGMWHR/ref=sr_1_123?dib=eyJ2IjoiMSJ9.97ZtercySI0ImjsBNl5raSTYy5FFX7kPjBzI7WFvKAR0TWRzi1-EDa252VSpYpdnCgeHgoM1pAeRVi_Erlfawy4ay0lfNP7HcfARhGKUE7FkScGv3CqVzYgO7GCta6Hx5A3wUZ5cv-8ZovDb-HelklywIWM216Hl-bKaelyB7JobI-QF4U-VHZu1Q4hwIqJ4OV7hcPIElhCgTtSnbgba4VUe04PwbhCRbwLw_nol-v0i09Halwu3VRAmxai7tZ9Hj3dYaJ66GETKVSxDTIsYrU3BNydh4r0yWEmUc2Tw5Yc.6N8Nub69ZrS0AvBuoCXOVb_zYuY4b0HhRUPpu8MkPvU&dib_tag=se&keywords=feminine+wash&qid=1708003734&sr=8-123,"Vagisil Anti-Itch Medicated Feminine Intimate Wipes for Women, Maximum Strength, Gynecologist Tested, 12 Wipes (Pack of 3)",B085WGMWHR,https://m.media-amazon.com/images/I/81iabaeDoOL._AC_UL320_.jpg,"2 sizes, 3 scents",True,$12.74 with Subscribe & Save discount$0.37,4.6 out of 5 stars,9289
https://www.amazon.com/Strawberry-Feminine-Vaginial-Cleanser-Eliminates/dp/B0CQ293V6X/ref=sr_1_124?dib=eyJ2IjoiMSJ9.97ZtercySI0ImjsBNl5raSTYy5FFX7kPjBzI7WFvKAR0TWRzi1-EDa252VSpYpdnCgeHgoM1pAeRVi_Erlfawy4ay0lfNP7HcfARhGKUE7FkScGv3CqVzYgO7GCta6Hx5A3wUZ5cv-8ZovDb-HelklywIWM216Hl-bKaelyB7JobI-QF4U-VHZu1Q4hwIqJ4OV7hcPIElhCgTtSnbgba4VUe04PwbhCRbwLw_nol-v0i09Halwu3VRAmxai7tZ9Hj3dYaJ66GETKVSxDTIsYrU3BNydh4r0yWEmUc2Tw5Yc.6N8Nub69ZrS0AvBuoCXOVb_zYuY4b0HhRUPpu8MkPvU&dib_tag=se&keywords=feminine+wash&qid=1708003734&sr=8-124,"2Pcs Strawberry Yoni Bars for Feminine Wash, Yoni Wash Soap Bar Vaginial Cleanser pH Balance, Eliminates Odor Vaginal Health, Natural Handmade Feminine Yoni Care Soap Bar for Women PH balance 150g",B0CQ293V6X,https://m.media-amazon.com/images/I/61T7mFdPMKL._AC_UL320_.jpg,$13.99,True,Save more with Subscribe & Save$2.00,4.2 out of 5 stars,23
https://www.amazon.com/Vagisil-Scentsitive-Feminine-Cleansing-Individually/dp/B0B94TCYFK/ref=sr_1_125?dib=eyJ2IjoiMSJ9.97ZtercySI0ImjsBNl5raSTYy5FFX7kPjBzI7WFvKAR0TWRzi1-EDa252VSpYpdnCgeHgoM1pAeRVi_Erlfawy4ay0lfNP7HcfARhGKUE7FkScGv3CqVzYgO7GCta6Hx5A3wUZ5cv-8ZovDb-HelklywIWM216Hl-bKaelyB7JobI-QF4U-VHZu1Q4hwIqJ4OV7hcPIElhCgTtSnbgba4VUe04PwbhCRbwLw_nol-v0i09Halwu3VRAmxai7tZ9Hj3dYaJ66GETKVSxDTIsYrU3BNydh4r0yWEmUc2Tw5Yc.6N8Nub69ZrS0AvBuoCXOVb_zYuY4b0HhRUPpu8MkPvU&dib_tag=se&keywords=feminine+wash&qid=1708003734&sr=8-125,"Vagisil Scentsitive Scents On-The-Go Feminine Cleansing Wipes, pH Balanced, Peach Blossom, Individually Wrapped, 16 Count (Pack of 3)",B0B94TCYFK,https://m.media-amazon.com/images/I/91QwxInD2cL._AC_UL320_.jpg,2 sizes,True,$12.70 with Subscribe & Save discount$0.28,4.7 out of 5 stars,361
https://www.amazon.com/Vagisil-Hyaluronic-Vaginal-Gynecologist-Hypoallergenic/dp/B0CC6NYFNZ/ref=sr_1_126?dib=eyJ2IjoiMSJ9.97ZtercySI0ImjsBNl5raSTYy5FFX7kPjBzI7WFvKAR0TWRzi1-EDa252VSpYpdnCgeHgoM1pAeRVi_Erlfawy4ay0lfNP7HcfARhGKUE7FkScGv3CqVzYgO7GCta6Hx5A3wUZ5cv-8ZovDb-HelklywIWM216Hl-bKaelyB7JobI-QF4U-VHZu1Q4hwIqJ4OV7hcPIElhCgTtSnbgba4VUe04PwbhCRbwLw_nol-v0i09Halwu3VRAmxai7tZ9Hj3dYaJ66GETKVSxDTIsYrU3BNydh4r0yWEmUc2Tw5Yc.6N8Nub69ZrS0AvBuoCXOVb_zYuY4b0HhRUPpu8MkPvU&dib_tag=se&keywords=feminine+wash&qid=1708003734&sr=8-126,"Vagisil Odor Block Gel with Hyaluronic Acid for Vaginal Health, Gynecologist Tested, Hypoallergenic, 1.05 Oz (Pack of 1)",B0CC6NYFNZ,https://m.media-amazon.com/images/I/71o3vDFlm6L._AC_UL320_.jpg,$8.60,True,$8.17 with Subscribe & Save discount$8.19,4.2 out of 5 stars,94
https://www.amazon.com/Lemisol-Plus-Womans-Intimate-Hygiene/dp/B000XQPZAQ/ref=sr_1_127?dib=eyJ2IjoiMSJ9.97ZtercySI0ImjsBNl5raSTYy5FFX7kPjBzI7WFvKAR0TWRzi1-EDa252VSpYpdnCgeHgoM1pAeRVi_Erlfawy4ay0lfNP7HcfARhGKUE7FkScGv3CqVzYgO7GCta6Hx5A3wUZ5cv-8ZovDb-HelklywIWM216Hl-bKaelyB7JobI-QF4U-VHZu1Q4hwIqJ4OV7hcPIElhCgTtSnbgba4VUe04PwbhCRbwLw_nol-v0i09Halwu3VRAmxai7tZ9Hj3dYaJ66GETKVSxDTIsYrU3BNydh4r0yWEmUc2Tw5Yc.6N8Nub69ZrS0AvBuoCXOVb_zYuY4b0HhRUPpu8MkPvU&dib_tag=se&keywords=feminine+wash&qid=1708003734&sr=8-127,Lemisol Plus for a Womans Most Intimate Hygiene 8oz,B000XQPZAQ,https://m.media-amazon.com/images/I/51I6+wWq4fL._AC_UL320_.jpg,$7.49,True,Save more with Subscribe & Save$0.94,4.5 out of 5 stars,330
https://www.amazon.com/vH-essentials-Cleansing-Balancing-Sting-Free/dp/B0BMW8LT69/ref=sr_1_128?dib=eyJ2IjoiMSJ9.97ZtercySI0ImjsBNl5raSTYy5FFX7kPjBzI7WFvKAR0TWRzi1-EDa252VSpYpdnCgeHgoM1pAeRVi_Erlfawy4ay0lfNP7HcfARhGKUE7FkScGv3CqVzYgO7GCta6Hx5A3wUZ5cv-8ZovDb-HelklywIWM216Hl-bKaelyB7JobI-QF4U-VHZu1Q4hwIqJ4OV7hcPIElhCgTtSnbgba4VUe04PwbhCRbwLw_nol-v0i09Halwu3VRAmxai7tZ9Hj3dYaJ66GETKVSxDTIsYrU3BNydh4r0yWEmUc2Tw5Yc.6N8Nub69ZrS0AvBuoCXOVb_zYuY4b0HhRUPpu8MkPvU&dib_tag=se&keywords=feminine+wash&qid=1708003734&sr=8-128,"vH essentials Personal Cleansing Spray, pH Balancing Lactic Acid, Sting-Free, Witch Hazel Formula, Fragrance free, Paraben free, Sprays upside down for easy external intimate cleansing, 4 floz",B0BMW8LT69,https://m.media-amazon.com/images/I/51D1vJegNhL._AC_UL320_.jpg,$9.86,True,$9.37 with Subscribe & Save discountSave 5% on 4 select item(s)$2.47,4.4 out of 5 stars,219
https://www.amazon.com/Original-Feminine-Infections-Lemongrass-Essential/dp/B076BZR74J/ref=sr_1_129?dib=eyJ2IjoiMSJ9.97ZtercySI0ImjsBNl5raSTYy5FFX7kPjBzI7WFvKAR0TWRzi1-EDa252VSpYpdnCgeHgoM1pAeRVi_Erlfawy4ay0lfNP7HcfARhGKUE7FkScGv3CqVzYgO7GCta6Hx5A3wUZ5cv-8ZovDb-HelklywIWM216Hl-bKaelyB7JobI-QF4U-VHZu1Q4hwIqJ4OV7hcPIElhCgTtSnbgba4VUe04PwbhCRbwLw_nol-v0i09Halwu3VRAmxai7tZ9Hj3dYaJ66GETKVSxDTIsYrU3BNydh4r0yWEmUc2Tw5Yc.6N8Nub69ZrS0AvBuoCXOVb_zYuY4b0HhRUPpu8MkPvU&dib_tag=se&keywords=feminine+wash&qid=1708003734&sr=8-129,"The Original All Natural Feminine Deodorant Spray | Helps with Vaginal Itch, Irritation, & Odor | Intimate Yoni Oil Made with Tea Tree, Lemongrass, & Orange Essential Oils | 2 oz Spray",B076BZR74J,https://m.media-amazon.com/images/I/81AAqgm09nL._AC_UL320_.jpg,$18.99,True,$18.04 with Subscribe & Save discount$9.50,4.3 out of 5 stars,7525
https://www.amazon.com/Seaweed-Bath-Co-Eucalyptus-Bladderwrack/dp/B004G853L8/ref=sr_1_130?dib=eyJ2IjoiMSJ9.97ZtercySI0ImjsBNl5raSTYy5FFX7kPjBzI7WFvKAR0TWRzi1-EDa252VSpYpdnCgeHgoM1pAeRVi_Erlfawy4ay0lfNP7HcfARhGKUE7FkScGv3CqVzYgO7GCta6Hx5A3wUZ5cv-8ZovDb-HelklywIWM216Hl-bKaelyB7JobI-QF4U-VHZu1Q4hwIqJ4OV7hcPIElhCgTtSnbgba4VUe04PwbhCRbwLw_nol-v0i09Halwu3VRAmxai7tZ9Hj3dYaJ66GETKVSxDTIsYrU3BNydh4r0yWEmUc2Tw5Yc.6N8Nub69ZrS0AvBuoCXOVb_zYuY4b0HhRUPpu8MkPvU&dib_tag=se&keywords=feminine+wash&qid=1708003734&sr=8-130,"Seaweed Bath Co. Hydrate Body Wash, Eucalyptus Peppermint Scent, 12 Ounce, Shower Gel for Men & Women, Vegan, Paraben Free, Sulfate Free, Cruelty Free",B004G853L8,https://m.media-amazon.com/images/I/61MwAc-77lL._AC_UL320_.jpg,"2 sizes, 8 scents",True,$8.35 with Subscribe & Save discountSave 5% on 4 select item(s)$0.73,4.5 out of 5 stars,5249
https://www.amazon.com/Jason-Invigorating-Rosewater-Pure-Natural/dp/B0000535UW/ref=sr_1_131?dib=eyJ2IjoiMSJ9.97ZtercySI0ImjsBNl5raSTYy5FFX7kPjBzI7WFvKAR0TWRzi1-EDa252VSpYpdnCgeHgoM1pAeRVi_Erlfawy4ay0lfNP7HcfARhGKUE7FkScGv3CqVzYgO7GCta6Hx5A3wUZ5cv-8ZovDb-HelklywIWM216Hl-bKaelyB7JobI-QF4U-VHZu1Q4hwIqJ4OV7hcPIElhCgTtSnbgba4VUe04PwbhCRbwLw_nol-v0i09Halwu3VRAmxai7tZ9Hj3dYaJ66GETKVSxDTIsYrU3BNydh4r0yWEmUc2Tw5Yc.6N8Nub69ZrS0AvBuoCXOVb_zYuY4b0HhRUPpu8MkPvU&dib_tag=se&keywords=feminine+wash&qid=1708003734&sr=8-131,"JASON Natural Body Wash & Shower Gel, Invigorating Rosewater, 30 Oz",B0000535UW,https://m.media-amazon.com/images/I/61Ac4B6+nHL._AC_UL320_.jpg,9 scents,True,$9.40 with Subscribe & Save discountSave 5% on 4 select item(s)$0.33,4.4 out of 5 stars,23377
https://www.amazon.com/Flower-Power-Juicy-Vaginal-Moisturizer/dp/B0B3HJN35F/ref=sr_1_132?dib=eyJ2IjoiMSJ9.97ZtercySI0ImjsBNl5raSTYy5FFX7kPjBzI7WFvKAR0TWRzi1-EDa252VSpYpdnCgeHgoM1pAeRVi_Erlfawy4ay0lfNP7HcfARhGKUE7FkScGv3CqVzYgO7GCta6Hx5A3wUZ5cv-8ZovDb-HelklywIWM216Hl-bKaelyB7JobI-QF4U-VHZu1Q4hwIqJ4OV7hcPIElhCgTtSnbgba4VUe04PwbhCRbwLw_nol-v0i09Halwu3VRAmxai7tZ9Hj3dYaJ66GETKVSxDTIsYrU3BNydh4r0yWEmUc2Tw5Yc.6N8Nub69ZrS0AvBuoCXOVb_zYuY4b0HhRUPpu8MkPvU&dib_tag=se&keywords=feminine+wash&qid=1708003734&sr=8-132,âShe Juicyâ Supplement for Vaginal Health | Slippery Elm Bark | Feminine Care for Women - Made in USA - 60 ct Vegan,B0B3HJN35F,https://m.media-amazon.com/images/I/61yqB0ZKKrL._AC_UL320_.jpg,$24.97,True,$22.47 with Subscribe & Save discount$0.42,4.0 out of 5 stars,2579
https://www.amazon.com/Amazon-Basics-Clarifying-Grapefruit-Dermatologist/dp/B09HHBQKW5/ref=sr_1_133?dib=eyJ2IjoiMSJ9.97ZtercySI0ImjsBNl5raSTYy5FFX7kPjBzI7WFvKAR0TWRzi1-EDa252VSpYpdnCgeHgoM1pAeRVi_Erlfawy4ay0lfNP7HcfARhGKUE7FkScGv3CqVzYgO7GCta6Hx5A3wUZ5cv-8ZovDb-HelklywIWM216Hl-bKaelyB7JobI-QF4U-VHZu1Q4hwIqJ4OV7hcPIElhCgTtSnbgba4VUe04PwbhCRbwLw_nol-v0i09Halwu3VRAmxai7tZ9Hj3dYaJ66GETKVSxDTIsYrU3BNydh4r0yWEmUc2Tw5Yc.6N8Nub69ZrS0AvBuoCXOVb_zYuY4b0HhRUPpu8MkPvU&dib_tag=se&keywords=feminine+wash&qid=1708003734&sr=8-133,"Amazon Basics Clarifying Pink Grapefruit Body Wash, 2% Salicylic Acid Acne Treatment, Dermatologist Tested, 8.5 Fluid Ounces, Pack of 1",B09HHBQKW5,https://m.media-amazon.com/images/I/61fdWp44IgL._AC_UL320_.jpg,$4.90,True,$4.66 with Subscribe & Save discount$0.58,4.4 out of 5 stars,14995
https://www.amazon.com/SweetSpot-Labs-Balanced-Dermatologist-Gynecologist/dp/B07956VX1V/ref=sr_1_134?dib=eyJ2IjoiMSJ9.97ZtercySI0ImjsBNl5raSTYy5FFX7kPjBzI7WFvKAR0TWRzi1-EDa252VSpYpdnCgeHgoM1pAeRVi_Erlfawy4ay0lfNP7HcfARhGKUE7FkScGv3CqVzYgO7GCta6Hx5A3wUZ5cv-8ZovDb-HelklywIWM216Hl-bKaelyB7JobI-QF4U-VHZu1Q4hwIqJ4OV7hcPIElhCgTtSnbgba4VUe04PwbhCRbwLw_nol-v0i09Halwu3VRAmxai7tZ9Hj3dYaJ66GETKVSxDTIsYrU3BNydh4r0yWEmUc2Tw5Yc.6N8Nub69ZrS0AvBuoCXOVb_zYuY4b0HhRUPpu8MkPvU&dib_tag=se&keywords=feminine+wash&qid=1708003734&sr=8-134,"SweetSpot Labs pH Balanced Feminine Wipes, Vegan & Cruelty Free, Gynecologist Approved | Hydrating, Soothing, Gentle | 30 Vanilla Blossom Wipes (Pack of 3)",B07956VX1V,https://m.media-amazon.com/images/I/51yzd6pVNuL._AC_UL320_.jpg,"3 sizes, 6 scents",True,$21.59 with Subscribe & Save discount$0.27,4.5 out of 5 stars,1039
https://www.amazon.com/Summers-Eve-Feminine-Deodorant-Freshening/dp/B084DLS4LB/ref=sr_1_135?dib=eyJ2IjoiMSJ9.97ZtercySI0ImjsBNl5raSTYy5FFX7kPjBzI7WFvKAR0TWRzi1-EDa252VSpYpdnCgeHgoM1pAeRVi_Erlfawy4ay0lfNP7HcfARhGKUE7FkScGv3CqVzYgO7GCta6Hx5A3wUZ5cv-8ZovDb-HelklywIWM216Hl-bKaelyB7JobI-QF4U-VHZu1Q4hwIqJ4OV7hcPIElhCgTtSnbgba4VUe04PwbhCRbwLw_nol-v0i09Halwu3VRAmxai7tZ9Hj3dYaJ66GETKVSxDTIsYrU3BNydh4r0yWEmUc2Tw5Yc.6N8Nub69ZrS0AvBuoCXOVb_zYuY4b0HhRUPpu8MkPvU&dib_tag=se&keywords=feminine+wash&qid=1708003734&rdc=1&sr=8-135,"Summer's Eve Blissful Escape Daily Refreshing Feminine Spray, 2 oz",B084DLS4LB,https://m.media-amazon.com/images/I/61XHzlRNnML._AC_UL320_.jpg,$2.98,True,$2.83 with Subscribe & Save discount<label>Extra 20% off</label> when you subscribeExtra 20% off when you subscribe$1.49,4.7 out of 5 stars,6834
https://www.amazon.com/vH-essentials-Probiotics-Prebiotics-Supplement/dp/B00HSMS5OQ/ref=sr_1_136?dib=eyJ2IjoiMSJ9.97ZtercySI0ImjsBNl5raSTYy5FFX7kPjBzI7WFvKAR0TWRzi1-EDa252VSpYpdnCgeHgoM1pAeRVi_Erlfawy4ay0lfNP7HcfARhGKUE7FkScGv3CqVzYgO7GCta6Hx5A3wUZ5cv-8ZovDb-HelklywIWM216Hl-bKaelyB7JobI-QF4U-VHZu1Q4hwIqJ4OV7hcPIElhCgTtSnbgba4VUe04PwbhCRbwLw_nol-v0i09Halwu3VRAmxai7tZ9Hj3dYaJ66GETKVSxDTIsYrU3BNydh4r0yWEmUc2Tw5Yc.6N8Nub69ZrS0AvBuoCXOVb_zYuY4b0HhRUPpu8MkPvU&dib_tag=se&keywords=feminine+wash&qid=1708003734&sr=8-136,vH essentials Probiotics with Prebiotics and Cranberry Feminine Health Supplement - 60 Capsules,B00HSMS5OQ,https://m.media-amazon.com/images/I/61s5VbbtiQL._AC_UL320_.jpg,3 sizes,True,$7.95 with Subscribe & Save discountSave 5% on 4 select item(s)$0.14,4.6 out of 5 stars,33214
https://www.amazon.com/Lume-Acidified-Body-Wash-Tangerine/dp/B0CT3TVB2P/ref=sr_1_137?dib=eyJ2IjoiMSJ9.97ZtercySI0ImjsBNl5raSTYy5FFX7kPjBzI7WFvKAR0TWRzi1-EDa252VSpYpdnCgeHgoM1pAeRVi_Erlfawy4ay0lfNP7HcfARhGKUE7FkScGv3CqVzYgO7GCta6Hx5A3wUZ5cv-8ZovDb-HelklywIWM216Hl-bKaelyB7JobI-QF4U-VHZu1Q4hwIqJ4OV7hcPIElhCgTtSnbgba4VUe04PwbhCRbwLw_nol-v0i09Halwu3VRAmxai7tZ9Hj3dYaJ66GETKVSxDTIsYrU3BNydh4r0yWEmUc2Tw5Yc.6N8Nub69ZrS0AvBuoCXOVb_zYuY4b0HhRUPpu8MkPvU&dib_tag=se&keywords=feminine+wash&qid=1708003734&sr=8-137,"Acidified Body Wash Tube Tangerine, 7 fl oz",B0CT3TVB2P,https://m.media-amazon.com/images/I/51RZaVpkoDL._AC_UL320_.jpg,$19.99,False,($2.86$2.86/Fl Oz)$2.86,,7
https://www.amazon.com/Moisturizing-pH-D-Feminine-Health-Paraben-Free/dp/B0C7J9VRDK/ref=sr_1_138?dib=eyJ2IjoiMSJ9.97ZtercySI0ImjsBNl5raSTYy5FFX7kPjBzI7WFvKAR0TWRzi1-EDa252VSpYpdnCgeHgoM1pAeRVi_Erlfawy4ay0lfNP7HcfARhGKUE7FkScGv3CqVzYgO7GCta6Hx5A3wUZ5cv-8ZovDb-HelklywIWM216Hl-bKaelyB7JobI-QF4U-VHZu1Q4hwIqJ4OV7hcPIElhCgTtSnbgba4VUe04PwbhCRbwLw_nol-v0i09Halwu3VRAmxai7tZ9Hj3dYaJ66GETKVSxDTIsYrU3BNydh4r0yWEmUc2Tw5Yc.6N8Nub69ZrS0AvBuoCXOVb_zYuY4b0HhRUPpu8MkPvU&dib_tag=se&keywords=feminine+wash&qid=1708003734&sr=8-138,"Boric Acid Moisturizing Vaginal Gel with Hyaluronic Acid, Vitamin E for Vaginal Dryness by pH-D Feminine Health, Woman Owned, Paraben-Free, pH-Balanced, Vegan, 14 Applications, Made in the USA",B0C7J9VRDK,https://m.media-amazon.com/images/I/61hL-7XDM3L._AC_UL320_.jpg,$14.99,True,Save more with Subscribe & Save$7.50,4.2 out of 5 stars,75
https://www.amazon.com/Feminine-Cleansing-Probiotics-cleansing-sensitive/dp/B0844R4NWK/ref=sr_1_139?dib=eyJ2IjoiMSJ9.97ZtercySI0ImjsBNl5raSTYy5FFX7kPjBzI7WFvKAR0TWRzi1-EDa252VSpYpdnCgeHgoM1pAeRVi_Erlfawy4ay0lfNP7HcfARhGKUE7FkScGv3CqVzYgO7GCta6Hx5A3wUZ5cv-8ZovDb-HelklywIWM216Hl-bKaelyB7JobI-QF4U-VHZu1Q4hwIqJ4OV7hcPIElhCgTtSnbgba4VUe04PwbhCRbwLw_nol-v0i09Halwu3VRAmxai7tZ9Hj3dYaJ66GETKVSxDTIsYrU3BNydh4r0yWEmUc2Tw5Yc.6N8Nub69ZrS0AvBuoCXOVb_zYuY4b0HhRUPpu8MkPvU&dib_tag=se&keywords=feminine+wash&qid=1708003734&sr=8-139,"Feminine Cleansing Bar 3 Pack, Probiotics, Apple Cider Vinegar, Omega Fatty Acids, Oatmeal, Pure, gentle cleansing bar for sensitive skin, face, body, 3.5 oz (Petal Fresh Scent)",B0844R4NWK,https://m.media-amazon.com/images/I/81PUStdygNL._AC_UL320_.jpg,2 scents,True,$16.98 with Subscribe & Save discount$1.70,4.3 out of 5 stars,504
https://www.amazon.com/Essential-Feminine-Intimate-Deodorant-Eliminates/dp/B0BWRQWG88/ref=sr_1_140?dib=eyJ2IjoiMSJ9.97ZtercySI0ImjsBNl5raSTYy5FFX7kPjBzI7WFvKAR0TWRzi1-EDa252VSpYpdnCgeHgoM1pAeRVi_Erlfawy4ay0lfNP7HcfARhGKUE7FkScGv3CqVzYgO7GCta6Hx5A3wUZ5cv-8ZovDb-HelklywIWM216Hl-bKaelyB7JobI-QF4U-VHZu1Q4hwIqJ4OV7hcPIElhCgTtSnbgba4VUe04PwbhCRbwLw_nol-v0i09Halwu3VRAmxai7tZ9Hj3dYaJ66GETKVSxDTIsYrU3BNydh4r0yWEmUc2Tw5Yc.6N8Nub69ZrS0AvBuoCXOVb_zYuY4b0HhRUPpu8MkPvU&dib_tag=se&keywords=feminine+wash&qid=1708003734&sr=8-140,"Yoni Essential Oil for Women Set of 3, 100% Natural Feminine Oil Intimate Deodorant for Women, Eliminates Odor and Ph Balanced, Feminine Serum Made with Pure Natural Essential Oils (1 fl oz/30 ml)",B0BWRQWG88,https://m.media-amazon.com/images/I/71ozUrZQoHL._AC_UL320_.jpg,$11.99,True,Save more with Subscribe & Save$4.00,4.3 out of 5 stars,268
https://www.amazon.com/Essential-Feminine-Intimate-Deodorant-Eliminates/dp/B0CPPLW83G/ref=sr_1_141?dib=eyJ2IjoiMSJ9.97ZtercySI0ImjsBNl5raSTYy5FFX7kPjBzI7WFvKAR0TWRzi1-EDa252VSpYpdnCgeHgoM1pAeRVi_Erlfawy4ay0lfNP7HcfARhGKUE7FkScGv3CqVzYgO7GCta6Hx5A3wUZ5cv-8ZovDb-HelklywIWM216Hl-bKaelyB7JobI-QF4U-VHZu1Q4hwIqJ4OV7hcPIElhCgTtSnbgba4VUe04PwbhCRbwLw_nol-v0i09Halwu3VRAmxai7tZ9Hj3dYaJ66GETKVSxDTIsYrU3BNydh4r0yWEmUc2Tw5Yc.6N8Nub69ZrS0AvBuoCXOVb_zYuY4b0HhRUPpu8MkPvU&dib_tag=se&keywords=feminine+wash&qid=1708003734&sr=8-141,"3 Packs Yoni Essential Oil for Women, 100% Natural Feminine Oil Intimate Deodorant for Women, Eliminates Odor and Ph Balanced, Feminine Serum Made with Pure Natural Essential Oils (1 fl oz/30 ml)",B0CPPLW83G,https://m.media-amazon.com/images/I/71aHO35zBbL._AC_UL320_.jpg,$11.99,True,($4.00$4.00/Fl Oz)$4.00,4.6 out of 5 stars,20
https://www.amazon.com/Love-Wellness-Vitamin-Immunity-Vaginal-Health-Gut/dp/B07TGFBSH9/ref=sr_1_142?dib=eyJ2IjoiMSJ9.97ZtercySI0ImjsBNl5raSTYy5FFX7kPjBzI7WFvKAR0TWRzi1-EDa252VSpYpdnCgeHgoM1pAeRVi_Erlfawy4ay0lfNP7HcfARhGKUE7FkScGv3CqVzYgO7GCta6Hx5A3wUZ5cv-8ZovDb-HelklywIWM216Hl-bKaelyB7JobI-QF4U-VHZu1Q4hwIqJ4OV7hcPIElhCgTtSnbgba4VUe04PwbhCRbwLw_nol-v0i09Halwu3VRAmxai7tZ9Hj3dYaJ66GETKVSxDTIsYrU3BNydh4r0yWEmUc2Tw5Yc.6N8Nub69ZrS0AvBuoCXOVb_zYuY4b0HhRUPpu8MkPvU&dib_tag=se&keywords=feminine+wash&qid=1708003734&sr=8-142,"Love Wellness Women's Vaginal Health Supplement, Healthy V Vitamin | Maintains pH Balance, Gut Health & Supports Immunity | Feminine Balance of Candida Yeast with Turmeric & Coconut Oil | 30 Tablets",B07TGFBSH9,https://m.media-amazon.com/images/I/61I0u3CyPIL._AC_UL320_.jpg,$24.99,True,$22.49 with Subscribe & Save discount$0.83,4.5 out of 5 stars,1650
https://www.amazon.com/ALL-Natural-Body-Wash-Athletes/dp/B0B8C5D6T4/ref=sr_1_143?dib=eyJ2IjoiMSJ9.97ZtercySI0ImjsBNl5raSTYy5FFX7kPjBzI7WFvKAR0TWRzi1-EDa252VSpYpdnCgeHgoM1pAeRVi_Erlfawy4ay0lfNP7HcfARhGKUE7FkScGv3CqVzYgO7GCta6Hx5A3wUZ5cv-8ZovDb-HelklywIWM216Hl-bKaelyB7JobI-QF4U-VHZu1Q4hwIqJ4OV7hcPIElhCgTtSnbgba4VUe04PwbhCRbwLw_nol-v0i09Halwu3VRAmxai7tZ9Hj3dYaJ66GETKVSxDTIsYrU3BNydh4r0yWEmUc2Tw5Yc.6N8Nub69ZrS0AvBuoCXOVb_zYuY4b0HhRUPpu8MkPvU&dib_tag=se&keywords=feminine+wash&qid=1708003734&sr=8-143,"First Botany, ALL Natural Body Wash, Fights Body Odor, Athlete's Foot, Jock Itch, Dandruff, Acne, Eczema, Shower Gel for Women & Men, Skin Cleanser -16 fl oz (Tea Tree, Lemon Grass, Clary Sage)",B0B8C5D6T4,https://m.media-amazon.com/images/I/61RUh20ISRL._AC_UL320_.jpg,$15.95,True,$15.15 with Subscribe & Save discount$1.00,4.1 out of 5 stars,520
https://www.amazon.com/Valitic-Remover-Vitamin-Collagen-Turmeric/dp/B09MFMCTRK/ref=sr_1_144?dib=eyJ2IjoiMSJ9.97ZtercySI0ImjsBNl5raSTYy5FFX7kPjBzI7WFvKAR0TWRzi1-EDa252VSpYpdnCgeHgoM1pAeRVi_Erlfawy4ay0lfNP7HcfARhGKUE7FkScGv3CqVzYgO7GCta6Hx5A3wUZ5cv-8ZovDb-HelklywIWM216Hl-bKaelyB7JobI-QF4U-VHZu1Q4hwIqJ4OV7hcPIElhCgTtSnbgba4VUe04PwbhCRbwLw_nol-v0i09Halwu3VRAmxai7tZ9Hj3dYaJ66GETKVSxDTIsYrU3BNydh4r0yWEmUc2Tw5Yc.6N8Nub69ZrS0AvBuoCXOVb_zYuY4b0HhRUPpu8MkPvU&dib_tag=se&keywords=feminine+wash&qid=1708003734&sr=8-144,"VALITIC Kojic Acid Dark Spot Remover Soap Bars with Vitamin C, Retinol, Collagen, Turmeric - Original Japanese Complex Infused with Hyaluronic Acid, Vitamin E, Shea Butter, Castile Olive Oil (2 Pack)",B09MFMCTRK,https://m.media-amazon.com/images/I/51iMh82b5UL._AC_UL320_.jpg,$11.99,True,$10.79 with Subscribe & Save discount$1.70,4.1 out of 5 stars,18790
https://www.amazon.com/Summers-Eve-Feminine-Deodorant-Freshening/dp/B084DLS4LB/ref=sr_1_145?keywords=feminine+wash&qid=1708004071&rdc=1&sr=8-145,"Summer's Eve Blissful Escape Daily Refreshing Feminine Spray, 2 oz",B084DLS4LB,https://m.media-amazon.com/images/I/61XHzlRNnML._AC_UL320_.jpg,$2.98,True,$2.83 with Subscribe & Save discount<label>Extra 20% off</label> when you subscribeExtra 20% off when you subscribe$1.49,4.7 out of 5 stars,6834
https://www.amazon.com/Vagisil-Hyaluronic-Vaginal-Gynecologist-Hypoallergenic/dp/B0CC6NYFNZ/ref=sr_1_146?keywords=feminine+wash&qid=1708004071&sr=8-146,"Vagisil Odor Block Gel with Hyaluronic Acid for Vaginal Health, Gynecologist Tested, Hypoallergenic, 1.05 Oz (Pack of 1)",B0CC6NYFNZ,https://m.media-amazon.com/images/I/71o3vDFlm6L._AC_UL320_.jpg,$8.60,True,$8.17 with Subscribe & Save discount$8.19,4.2 out of 5 stars,94
https://www.amazon.com/Pixie-Menstrual-Cup-Gel-Wash-Cleaner-Soap/dp/B0BBWNKDD3/ref=sr_1_147?keywords=feminine+wash&qid=1708004071&sr=8-147,Menstrual Cup Wash - Best Formula to Wash Your Period Cups - Organic and Natural Ingredients & pH Balanced - Gel Cleaner - Sterilizer Soap for Menstrual Discs (6.8 Ounces),B0BBWNKDD3,https://m.media-amazon.com/images/I/71Wxzo0dL1L._AC_UL320_.jpg,2 sizes,True,$8.96 with Subscribe & Save discount$1.46,4.6 out of 5 stars,266
https://www.amazon.com/Seaweed-Bath-Co-Eucalyptus-Bladderwrack/dp/B004G853L8/ref=sr_1_148?keywords=feminine+wash&qid=1708004071&sr=8-148,"Seaweed Bath Co. Hydrate Body Wash, Eucalyptus Peppermint Scent, 12 Ounce, Shower Gel for Men & Women, Vegan, Paraben Free, Sulfate Free, Cruelty Free",B004G853L8,https://m.media-amazon.com/images/I/61MwAc-77lL._AC_UL320_.jpg,"2 sizes, 8 scents",True,$8.35 with Subscribe & Save discountSave 5% on 4 select item(s)$0.73,4.5 out of 5 stars,5249
https://www.amazon.com/Jason-Invigorating-Rosewater-Pure-Natural/dp/B0000535UW/ref=sr_1_149?keywords=feminine+wash&qid=1708004071&sr=8-149,"JASON Natural Body Wash & Shower Gel, Invigorating Rosewater, 30 Oz",B0000535UW,https://m.media-amazon.com/images/I/61Ac4B6+nHL._AC_UL320_.jpg,9 scents,True,$9.40 with Subscribe & Save discountSave 5% on 4 select item(s)$0.33,4.4 out of 5 stars,23377
https://www.amazon.com/Femfresh-Daily-1562-Wash-250ml/dp/B01EV28OLE/ref=sr_1_150?keywords=feminine+wash&qid=1708004071&sr=8-150,Femfresh Daily Wash 250ml,B01EV28OLE,https://m.media-amazon.com/images/I/718V0v-mZjL._AC_UL320_.jpg,$9.60,False,($1.13$1.13/Fl Oz)$1.13,4.6 out of 5 stars,200
https://www.amazon.com/Lume-Soap-Face-Body-Hypoallergenic/dp/B0B1TYXX2D/ref=sr_1_151?keywords=feminine+wash&qid=1708004071&sr=8-151,"Lume Triple Milled Soap - Rich Moisture & Gentle Cleansing - Paraben Free, Phthalate Free, Skin Safe - 5 ounce (Clean Tangerine)",B0B1TYXX2D,https://m.media-amazon.com/images/I/61sv4Lyva7L._AC_UL320_.jpg,$9.99,True,$8.99 with Subscribe & Save discount$9.99,4.5 out of 5 stars,5256
https://www.amazon.com/Amazon-Basics-Clarifying-Grapefruit-Dermatologist/dp/B09HHBQKW5/ref=sr_1_152?keywords=feminine+wash&qid=1708004071&sr=8-152,"Amazon Basics Clarifying Pink Grapefruit Body Wash, 2% Salicylic Acid Acne Treatment, Dermatologist Tested, 8.5 Fluid Ounces, Pack of 1",B09HHBQKW5,https://m.media-amazon.com/images/I/61fdWp44IgL._AC_UL320_.jpg,$4.90,True,$4.66 with Subscribe & Save discount$0.58,4.4 out of 5 stars,14995
https://www.amazon.com/Vagisil-Anti-Itch-Medicated-Resealable-Packaging/dp/B085WGMWHR/ref=sr_1_153?keywords=feminine+wash&qid=1708004071&sr=8-153,"Vagisil Anti-Itch Medicated Feminine Intimate Wipes for Women, Maximum Strength, Gynecologist Tested, 12 Wipes (Pack of 3)",B085WGMWHR,https://m.media-amazon.com/images/I/81iabaeDoOL._AC_UL320_.jpg,"2 sizes, 3 scents",True,$12.74 with Subscribe & Save discount$0.37,4.6 out of 5 stars,9289
https://www.amazon.com/Lactacyd-Femina-Emulsion-Intimate-Hygiene/dp/B00R9ODR96/ref=sr_1_154?keywords=feminine+wash&qid=1708004071&sr=8-154,Lactacyd Femina Emulsion for Intimate Hygiene 200 ml,B00R9ODR96,https://m.media-amazon.com/images/I/616tXG3HgCL._AC_UL320_.jpg,$12.48,True,($1.85$1.85/Fl Oz)$1.85,4.4 out of 5 stars,25
https://www.amazon.com/Vagisil-Scentsitive-Feminine-Cleansing-Individually/dp/B0B94TCYFK/ref=sr_1_155?keywords=feminine+wash&qid=1708004071&sr=8-155,"Vagisil Scentsitive Scents On-The-Go Feminine Cleansing Wipes, pH Balanced, Peach Blossom, Individually Wrapped, 16 Count (Pack of 3)",B0B94TCYFK,https://m.media-amazon.com/images/I/91QwxInD2cL._AC_UL320_.jpg,2 sizes,True,$12.70 with Subscribe & Save discount$0.28,4.7 out of 5 stars,361
https://www.amazon.com/Muun-Combo-Yoni-Soap-Bars/dp/B0BV6M5KRC/ref=sr_1_156?keywords=feminine+wash&qid=1708004071&sr=8-156,Combo 2 Yoni Soap Bars & Oil Set - ph Balance and Wetness Odor Eliminator - Vaginal Wash Hygiene Products for Women Female Intimate Sulfate & Paraben Free - Natural Feminine Care,B0BV6M5KRC,https://m.media-amazon.com/images/I/710XCyYSwDL._AC_UL320_.jpg,$17.99,True,$17.09 with Subscribe & Save discount$509.63,4.5 out of 5 stars,211
https://www.amazon.com/Violet-Vibes-Ultra-Gentle-pH-Balancing-Odor-Control/dp/B0CBS9LQXQ/ref=sr_1_157?keywords=feminine+wash&qid=1708004071&sr=8-157,"Ultra-Gentle Feminine Wash | pH-Balancing, Nourishing, Odor-Control for Intimate Areas & Sensitive Skin | Daily Essential | Infused w/Plant-Based Extracts | Scented - Lavender Vanilla",B0CBS9LQXQ,https://m.media-amazon.com/images/I/61HpSDol4ZL._AC_UL320_.jpg,"2 sizes, 4 scents",True,$13.46 with Subscribe & Save discount$1.87,4.3 out of 5 stars,27
https://www.amazon.com/Flower-Power-Juicy-Vaginal-Moisturizer/dp/B0B3HJN35F/ref=sr_1_158?keywords=feminine+wash&qid=1708004071&sr=8-158,âShe Juicyâ Supplement for Vaginal Health | Slippery Elm Bark | Feminine Care for Women - Made in USA - 60 ct Vegan,B0B3HJN35F,https://m.media-amazon.com/images/I/61yqB0ZKKrL._AC_UL320_.jpg,$24.97,True,$22.47 with Subscribe & Save discount$0.42,4.0 out of 5 stars,2579
https://www.amazon.com/Strawberry-Feminine-Vaginial-Cleanser-Eliminates/dp/B0CQ293V6X/ref=sr_1_159?keywords=feminine+wash&qid=1708004071&sr=8-159,"2Pcs Strawberry Yoni Bars for Feminine Wash, Yoni Wash Soap Bar Vaginial Cleanser pH Balance, Eliminates Odor Vaginal Health, Natural Handmade Feminine Yoni Care Soap Bar for Women PH balance 150g",B0CQ293V6X,https://m.media-amazon.com/images/I/61T7mFdPMKL._AC_UL320_.jpg,$13.99,True,Save more with Subscribe & Save$2.00,4.2 out of 5 stars,23
https://www.amazon.com/Magic-Probiotic-Eliminator-Essential-Sensitive/dp/B0BVT8Y57N/ref=sr_1_160?keywords=feminine+wash&qid=1708004071&sr=8-160,"Magic V Steam V Probiotic 2 Yoni Soap Bars Feminine Wash and Vaginal Wash Vaginal Odor Eliminator PH Balanced with Peach Essential Oils for Yoni & Body for Woman. For Sensitive Skin, Organic Soap",B0BVT8Y57N,https://m.media-amazon.com/images/I/61XwVr-ivzL._AC_UL320_.jpg,$10.95,True,$9.86 with Subscribe & Save discount$1.56,4.3 out of 5 stars,90
https://www.amazon.com/RosySkin-Essentials-Femine-Wash-100ml/dp/B0CB22L957/ref=sr_1_161?keywords=feminine+wash&qid=1708004071&sr=8-161,Femine Wash 100ml,B0CB22L957,https://m.media-amazon.com/images/I/51lCvYEfKtL._AC_UL320_.jpg,$25.00,True,,5.0 out of 5 stars,2
https://www.amazon.com/Femfresh-Daily-Intimate-Soothing-pH-Balanced/dp/B017P1SORW/ref=sr_1_162?keywords=feminine+wash&qid=1708004071&sr=8-162,Femfresh - Daily Intimate Wash - with Soothing Aloe Vera - pH-Balanced - 250ml,B017P1SORW,https://m.media-amazon.com/images/I/61d+y4MzQvL._AC_UL320_.jpg,$9.99,True,($1.18$1.18/Fl Oz)$1.18,5.0 out of 5 stars,1
https://www.amazon.com/vH-essentials-Cleansing-Balancing-Sting-Free/dp/B0BMW8LT69/ref=sr_1_163?keywords=feminine+wash&qid=1708004071&sr=8-163,"vH essentials Personal Cleansing Spray, pH Balancing Lactic Acid, Sting-Free, Witch Hazel Formula, Fragrance free, Paraben free, Sprays upside down for easy external intimate cleansing, 4 floz",B0BMW8LT69,https://m.media-amazon.com/images/I/51D1vJegNhL._AC_UL320_.jpg,$9.86,True,$9.37 with Subscribe & Save discountSave 5% on 4 select item(s)$2.47,4.4 out of 5 stars,219
https://www.amazon.com/Original-Feminine-Infections-Lemongrass-Essential/dp/B076BZR74J/ref=sr_1_164?keywords=feminine+wash&qid=1708004071&sr=8-164,"The Original All Natural Feminine Deodorant Spray | Helps with Vaginal Itch, Irritation, & Odor | Intimate Yoni Oil Made with Tea Tree, Lemongrass, & Orange Essential Oils | 2 oz Spray",B076BZR74J,https://m.media-amazon.com/images/I/81AAqgm09nL._AC_UL320_.jpg,$18.99,True,$18.04 with Subscribe & Save discount$9.50,4.3 out of 5 stars,7526
https://www.amazon.com/Vaginal-Vaginial-Deodorants-Handmade-Feminine/dp/B097RD6FX8/ref=sr_1_165?keywords=feminine+wash&qid=1708004071&sr=8-165,"Yoni Soap Bars PCS Of 2, Ph Balance for Women Yoni Wash Vaginial Deodorants, Organic , Handmade Vagina Soap Natural Feminine Wash, Vaginal Care Soap with Bubble Net 3.53 oz",B097RD6FX8,https://m.media-amazon.com/images/I/71r+qGT-2LL._AC_UL320_.jpg,2 sizes,True,Save more with Subscribe & Save$1.27,4.3 out of 5 stars,1468
https://www.amazon.com/vH-essentials-Probiotics-Prebiotics-Supplement/dp/B00HSMS5OQ/ref=sr_1_166?keywords=feminine+wash&qid=1708004071&sr=8-166,vH essentials Probiotics with Prebiotics and Cranberry Feminine Health Supplement - 60 Capsules,B00HSMS5OQ,https://m.media-amazon.com/images/I/61s5VbbtiQL._AC_UL320_.jpg,3 sizes,True,$7.95 with Subscribe & Save discountSave 5% on 4 select item(s)$0.14,4.6 out of 5 stars,33214
https://www.amazon.com/Foaming-Cleanser-Wash-Women-Paraben-free/dp/B0B3M1HH4D/ref=sr_1_167?keywords=feminine+wash&qid=1708004071&sr=8-167,Foaming Cleanser Wash for Women - pH balanced 50ml/ 1.7 fl oz- Supports Vaginal Health & Maintains Vaginal Flora- Vegan Paraben-free - Feminine Health Foaming Cleanser,B0B3M1HH4D,https://m.media-amazon.com/images/I/418WTivHtcL._AC_UL320_.jpg,$9.99,True,Save more with Subscribe & Save$5.88,3.8 out of 5 stars,35
https://www.amazon.com/Hydrating-Feminine-Sanais-Skin-Rosemary/dp/B0CS4PJZ42/ref=sr_1_168?keywords=feminine+wash&qid=1708004071&sr=8-168,Hydrating Feminine Wash by Sanai's Skin | V-Power Feminine Wash | Made with Aloe & Rosemary | Gentle Feminine Wash - 8 oz,B0CS4PJZ42,https://m.media-amazon.com/images/I/61B2sYMIJjL._AC_UL320_.jpg,$12.00,False,($1.50$1.50/Fl Oz)$1.50,,
https://www.amazon.com/SweetSpot-Labs-Balanced-Dermatologist-Gynecologist/dp/B07956VX1V/ref=sr_1_169?keywords=feminine+wash&qid=1708004071&sr=8-169,"SweetSpot Labs pH Balanced Feminine Wipes, Vegan & Cruelty Free, Gynecologist Approved | Hydrating, Soothing, Gentle | 30 Vanilla Blossom Wipes (Pack of 3)",B07956VX1V,https://m.media-amazon.com/images/I/51yzd6pVNuL._AC_UL320_.jpg,"3 sizes, 6 scents",True,$21.59 with Subscribe & Save discount$0.27,4.5 out of 5 stars,1039
https://www.amazon.com/Lemisol-Plus-Womans-Intimate-Hygiene/dp/B000XQPZAQ/ref=sr_1_170?keywords=feminine+wash&qid=1708004071&sr=8-170,Lemisol Plus for a Womans Most Intimate Hygiene 8oz,B000XQPZAQ,https://m.media-amazon.com/images/I/51I6+wWq4fL._AC_UL320_.jpg,$7.49,True,Save more with Subscribe & Save$0.94,4.5 out of 5 stars,330
https://www.amazon.com/Nard-Low-Mild-Feminine-Wash/dp/B08HRXYS7S/ref=sr_1_171?keywords=feminine+wash&qid=1708004071&sr=8-171,Nard Low pH Mild Feminine Wash,B08HRXYS7S,https://m.media-amazon.com/images/I/41ihvZDv8cL._AC_UL320_.jpg,$14.99,True,Save more with Subscribe & Save$1.48,,101
https://www.amazon.com/Summers-Eve-Cleansing-Fragrance-pH-Balanced/dp/B07TYQKJFL/ref=sr_1_172?keywords=feminine+wash&qid=1708004071&sr=8-172,"Summer's Eve Fragrance Free Gentle Daily Feminine Wipes, Removes Odor, pH balanced, 32 Count, 4 Pack",B07TYQKJFL,https://m.media-amazon.com/images/I/71s8KtPTzEL._AC_UL320_.jpg,"8 sizes, 8 scents",True,List:$0.12,4.7 out of 5 stars,37205
https://www.amazon.com/Impressive-Intimate-Balanced-Cleansing-Irritation/dp/B0BW7N73KP/ref=sr_1_173?keywords=feminine+wash&qid=1708004071&sr=8-173,"Impressive Beauty Intimate Wash for Men Natural Organic with Tea Tree Oil | pH Balanced Foam Cleansing | Removes Sweat, Bad Odor, Itching, and Irritation | 4.05 fl. oz.",B0BW7N73KP,https://m.media-amazon.com/images/I/51slIKtwiQL._AC_UL320_.jpg,$9.98,True,($2.46$2.46/Fl Oz)$2.46,5.0 out of 5 stars,13
https://www.amazon.com/Moisturizing-pH-D-Feminine-Health-Paraben-Free/dp/B0C7J9VRDK/ref=sr_1_174?keywords=feminine+wash&qid=1708004071&sr=8-174,"Boric Acid Moisturizing Vaginal Gel with Hyaluronic Acid, Vitamin E for Vaginal Dryness by pH-D Feminine Health, Woman Owned, Paraben-Free, pH-Balanced, Vegan, 14 Applications, Made in the USA",B0C7J9VRDK,https://m.media-amazon.com/images/I/61hL-7XDM3L._AC_UL320_.jpg,$14.99,True,Save more with Subscribe & Save$7.50,4.2 out of 5 stars,75
https://www.amazon.com/HUECALM-Balancing-Feminine-Sensitive-Unscented/dp/B0CH4C213N/ref=sr_1_175?keywords=feminine+wash&qid=1708004071&sr=8-175,"Pure & Balancing Feminine Wash, Low pH Balance, Vegan, Korean Beauty Product, Sensitive Skin, Intimate Wash Women, Unscented, 150ml",B0CH4C213N,https://m.media-amazon.com/images/I/81SPuYoI6ZL._AC_UL320_.jpg,$16.99,True,($16.99$16.99/Fl Oz)$16.99,,1
https://www.amazon.com/Lume-Acidified-Body-Wash-Tangerine/dp/B0CT3TVB2P/ref=sr_1_176?keywords=feminine+wash&qid=1708004071&sr=8-176,"Acidified Body Wash Tube Tangerine, 7 fl oz",B0CT3TVB2P,https://m.media-amazon.com/images/I/51RZaVpkoDL._AC_UL320_.jpg,$19.99,False,($2.86$2.86/Fl Oz)$2.86,,7
https://www.amazon.com/Love-Wellness-Vitamin-Immunity-Vaginal-Health-Gut/dp/B07TGFBSH9/ref=sr_1_177?keywords=feminine+wash&qid=1708004071&sr=8-177,"Love Wellness Women's Vaginal Health Supplement, Healthy V Vitamin | Maintains pH Balance, Gut Health & Supports Immunity | Feminine Balance of Candida Yeast with Turmeric & Coconut Oil | 30 Tablets",B07TGFBSH9,https://m.media-amazon.com/images/I/61I0u3CyPIL._AC_UL320_.jpg,$24.99,True,$22.49 with Subscribe & Save discount$0.83,4.5 out of 5 stars,1650
https://www.amazon.com/Valitic-Remover-Vitamin-Collagen-Turmeric/dp/B09MFMCTRK/ref=sr_1_178?keywords=feminine+wash&qid=1708004071&sr=8-178,"VALITIC Kojic Acid Dark Spot Remover Soap Bars with Vitamin C, Retinol, Collagen, Turmeric - Original Japanese Complex Infused with Hyaluronic Acid, Vitamin E, Shea Butter, Castile Olive Oil (2 Pack)",B09MFMCTRK,https://m.media-amazon.com/images/I/51iMh82b5UL._AC_UL320_.jpg,$11.99,True,$10.79 with Subscribe & Save discount$1.70,4.1 out of 5 stars,18790
https://www.amazon.com/Essential-Feminine-Intimate-Deodorant-Eliminates/dp/B0BWRQWG88/ref=sr_1_179?keywords=feminine+wash&qid=1708004071&sr=8-179,"Yoni Essential Oil for Women Set of 3, 100% Natural Feminine Oil Intimate Deodorant for Women, Eliminates Odor and Ph Balanced, Feminine Serum Made with Pure Natural Essential Oils (1 fl oz/30 ml)",B0BWRQWG88,https://m.media-amazon.com/images/I/71ozUrZQoHL._AC_UL320_.jpg,$11.99,True,Save more with Subscribe & Save$4.00,4.3 out of 5 stars,268
https://www.amazon.com/Feminine-Cleansing-Probiotics-cleansing-sensitive/dp/B0844R4NWK/ref=sr_1_180?keywords=feminine+wash&qid=1708004071&sr=8-180,"Feminine Cleansing Bar 3 Pack, Probiotics, Apple Cider Vinegar, Omega Fatty Acids, Oatmeal, Pure, gentle cleansing bar for sensitive skin, face, body, 3.5 oz (Petal Fresh Scent)",B0844R4NWK,https://m.media-amazon.com/images/I/81PUStdygNL._AC_UL320_.jpg,2 scents,True,$16.98 with Subscribe & Save discount$1.70,4.3 out of 5 stars,504
https://www.amazon.com/Ylang-Ylang-Essential-Feminine-Deodorant-Eliminates/dp/B0CPPN7DX1/ref=sr_1_181?keywords=feminine+wash&qid=1708004071&sr=8-181,"2 Packs Yoni Ylang-Ylang Essential Oil, All 100% Natural Feminine, Intimate Deodorant for Women, Ph Balanced and Eliminates Odor, Serum (1 fl oz/30 ml)",B0CPPN7DX1,https://m.media-amazon.com/images/I/71XS31chLYL._AC_UL320_.jpg,$9.99,True,($5.00$5.00/Fl Oz)$5.00,4.5 out of 5 stars,17
https://www.amazon.com/Tree-Body-Wash-Antifungal-Antibacterial/dp/B09BG1KMF4/ref=sr_1_182?keywords=feminine+wash&qid=1708004071&sr=8-182,"Tea Tree Body Wash Antifungal - Antibacterial Body Wash with Tea Tree and Manuka, Helps Soothe Athleteâs Foot, Ringworm, Jock Itch, Chafing, Odor removal by Balm of Gilead (8.25 fl oz)",B09BG1KMF4,https://m.media-amazon.com/images/I/61DuxuX7U0L._AC_UL320_.jpg,$19.99,True,$17.99 with Subscribe & Save discount$2.42,4.4 out of 5 stars,269
https://www.amazon.com/Creamy-Coconut-Feminine-Foaming-Formula/dp/B0C97Q6BBP/ref=sr_1_183?keywords=feminine+wash&qid=1708004071&sr=8-183,"Creamy Coconut Feminine Foaming Wash, Net 4fl.oz (2PK) (Gentle Formula)",B0C97Q6BBP,https://m.media-amazon.com/images/I/51ZIvURhqBL._AC_UL320_.jpg,$17.97,False,($2.25$2.25/Fl Oz)$2.25,,4
https://www.amazon.com/Essential-Feminine-Intimate-Deodorant-Eliminates/dp/B0CPPLW83G/ref=sr_1_184?keywords=feminine+wash&qid=1708004071&sr=8-184,"3 Packs Yoni Essential Oil for Women, 100% Natural Feminine Oil Intimate Deodorant for Women, Eliminates Odor and Ph Balanced, Feminine Serum Made with Pure Natural Essential Oils (1 fl oz/30 ml)",B0CPPLW83G,https://m.media-amazon.com/images/I/71aHO35zBbL._AC_UL320_.jpg,$11.99,True,($4.00$4.00/Fl Oz)$4.00,4.6 out of 5 stars,20
https://www.amazon.com/Honey-Pot-Company-Feminine-Sensitive/dp/B0CLBNTR8H/ref=sr_1_185?keywords=feminine+wash&qid=1708004071&sr=8-185,The Honey Pot Company - Feminine Wash - Herbal Infused Feminine Hygiene Wash for Sensitive Skin Types - PH Balanced Plant Based Wash Free from Parabens and Sulfates - Bergamot Rose - 5.51 Fluid Oz.,B0CLBNTR8H,https://m.media-amazon.com/images/I/61UxadE5STL._AC_UL320_.jpg,,False,,,
https://www.amazon.com/ALL-Natural-Body-Wash-Athletes/dp/B0B8C5D6T4/ref=sr_1_186?keywords=feminine+wash&qid=1708004071&sr=8-186,"First Botany, ALL Natural Body Wash, Fights Body Odor, Athlete's Foot, Jock Itch, Dandruff, Acne, Eczema, Shower Gel for Women & Men, Skin Cleanser -16 fl oz (Tea Tree, Lemon Grass, Clary Sage)",B0B8C5D6T4,https://m.media-amazon.com/images/I/61RUh20ISRL._AC_UL320_.jpg,$15.95,True,$15.15 with Subscribe & Save discount$1.00,4.1 out of 5 stars,520
https://www.amazon.com/Dove-Beauty-Pink-packaging-vary/dp/B002DUOOXO/ref=sr_1_187?keywords=feminine+wash&qid=1708004071&rdc=1&sr=8-187,Dove Beauty Bar Gentle Skin Cleanser Pink 6 Bars Moisturizing for Soft Care More Than Soap 3.75 oz,B002DUOOXO,https://m.media-amazon.com/images/I/71a4YiH1QoL._AC_UL320_.jpg,"6 sizes, 5 scents",True,$9.22 with Subscribe & Save discount<label>Extra 20% off</label> when you subscribeExtra 20% off when you subscribe$0.43,4.8 out of 5 stars,23678
https://www.amazon.com/Essential-Feminine-Intimate-Deodorant-Eliminates/dp/B09XK9RK8R/ref=sr_1_188?keywords=feminine+wash&qid=1708004071&sr=8-188,"2 Packs Rose Essential Oil, All 100% Natural Feminine, Intimate Deodorant for Women, Ph Balanced and Eliminates Odor, Serum (1 fl oz/30 ml)",B09XK9RK8R,https://m.media-amazon.com/images/I/71qG0c8jQ0L._AC_UL320_.jpg,$9.99,True,Save more with Subscribe & Save$5.00,4.4 out of 5 stars,735
https://www.amazon.com/Pack-Organic-Feminine-Women-Balance/dp/B0CPYRQNVP/ref=sr_1_189?keywords=feminine+wash&qid=1708004071&sr=8-189,"2 Pack Yoni Oil Organic Feminine Oil for Women pH Balance - Feminine Deodorant -Vaginal Moisturizer -Eliminates Odor with Rose Essential Oil, All Natural Yoni Essential Oil, 1 fl oz/pc",B0CPYRQNVP,https://m.media-amazon.com/images/I/71UHRCwDODL._AC_UL320_.jpg,$9.99,True,($9.99$9.99/Fl Oz)$9.99,4.7 out of 5 stars,7
https://www.amazon.com/OFFO-Postpartum-Recovery-Essentials-Cleansing/dp/B0CCDLF4HR/ref=sr_1_190?keywords=feminine+wash&qid=1708004071&sr=8-190,"Peri Bottle for Postpartum Recovery, 17OZ (500ML) Labor and Delivery Essentials for Feminine Hygiene Care, Perineal Cleansing After Birth Pink",B0CCDLF4HR,https://m.media-amazon.com/images/I/519FDOhZNVL._AC_UL320_.jpg,$5.99,True,Save more with Subscribe & Save$5.99,4.3 out of 5 stars,39
https://www.amazon.com/NewLife-Naturals-Certified-Organic-Vulva/dp/B0BP9FX4H8/ref=sr_1_191?keywords=feminine+wash&qid=1708004071&sr=8-191,"NewLife Naturals Certified Organic Vulva Cream - Menopause Support, Itching Relief, Vaginal Moisturizer & Dryness Solution | All Natural Estrogen Free Intimate Feminine Care - 2 Oz - Made in USA",B0BP9FX4H8,https://m.media-amazon.com/images/I/71R1Br+A6jL._AC_UL320_.jpg,2 sizes,True,$16.06 with Subscribe & Save discount$8.45,4.4 out of 5 stars,207
https://www.amazon.com/Hylands-Naturals-Chafing-Relief-Formula/dp/B0BVCZ3GJD/ref=sr_1_192?keywords=feminine+wash&qid=1708004071&rdc=1&sr=8-192,"Hyland's Naturals Chafing Relief, Cream to Powder Formula, Women's Anti Chafing Cream - 3 Ounce",B0BVCZ3GJD,https://m.media-amazon.com/images/I/613IGjg8edL._AC_UL320_.jpg,$14.08,True,$13.38 with Subscribe & Save discount<label>Extra 20% off</label> when you subscribeExtra 20% off when you subscribe$4.69,4.3 out of 5 stars,122
https://www.amazon.com/Feminine-Bottles-Balanced-Naturally-Gynecologist/dp/B0184S1DKA/ref=sr_1_193?keywords=feminine+wash&qid=1708004429&sr=8-193,"(Pack of 4 Bottles) Summer's Eve Fresh Scent Douche Vinegar & Water, Feminine Wash, 4.5oz Bottles. PH Balanced, Naturally Inspired, & Gynecologist Tested (Pack of 4 Bottles, 4.5oz Each Bottle)",B0184S1DKA,https://m.media-amazon.com/images/I/61Un5Yrn0rL._AC_UL320_.jpg,$12.41,True,($0.69$0.69/Fl Oz)$0.69,4.4 out of 5 stars,38
https://www.amazon.com/Natouch-Feminine-Essential-Eliminating-Moisturizing/dp/B0BL21RMM4/ref=sr_1_194?keywords=feminine+wash&qid=1708004429&sr=8-194,"Yoni Soap Bar, PH Balance Feminine Wash for Women, Natural Vaginal Yoni Wash with Natural Essential Oil, Private Soap Bar for Eliminating Odor, Reducing Itching, and Moisturizing Intimate",B0BL21RMM4,https://m.media-amazon.com/images/I/712FQ7prMnL._AC_UL320_.jpg,$9.99,True,$8.99 with Subscribe & Save discount$2.50,4.2 out of 5 stars,40
https://www.amazon.com/Summers-Eve-Cleansing-Island-Splash/dp/B0167K2PL8/ref=sr_1_195?keywords=feminine+wash&qid=1708004429&sr=8-195,Summers Eve Cleansing Wash 9 Ounce Island Splash (266ml) (3 Pack),B0167K2PL8,https://m.media-amazon.com/images/I/61yL2ZgrJ2L._AC_UL320_.jpg,2 sizes,False,List:$0.78,4.6 out of 5 stars,39
https://www.amazon.com/UNID-Cleansing-plant-based-SLES-free-fragrance-free/dp/B0CC94VNM2/ref=sr_1_196?keywords=feminine+wash&qid=1708004429&sr=8-196,"Feminine Cleansing Mousse, pH balanced 3.8, plant-based, lactic acid, vitamin b5, foam, feminine wash, daily use, for all genders, SLS/SLES-free, fragrance-free (50ml)",B0CC94VNM2,https://m.media-amazon.com/images/I/41Iv5J5ZWJL._AC_UL320_.jpg,2 sizes,True,Save more with Subscribe & Save$7.10,,169
https://www.amazon.com/V-Goddess-Feminine-Unscented-Natural-Sensitive/dp/B0C395M4R7/ref=sr_1_197?keywords=feminine+wash&qid=1708004429&sr=8-197,"Feminine Wash, Unscented, All Natural 100% Vegan, Safe for Sensitive Skin (150 ml)",B0C395M4R7,https://m.media-amazon.com/images/I/41icP5gsV5L._AC_UL320_.jpg,$19.99,True,($3.94$3.94/Fl Oz)$3.94,,507
https://www.amazon.com/LACTACYD-SENSITIVE-Daily-Intimate-200ml/dp/B01MZC0N56/ref=sr_1_198?keywords=feminine+wash&qid=1708004429&sr=8-198,LACTACYD SENSITIVE Daily Intimate Wash 200ml,B01MZC0N56,https://m.media-amazon.com/images/I/41UGkMf-WQL._AC_UL320_.jpg,$15.49,True,($2.29$2.29/Fl Oz)$2.29,3.1 out of 5 stars,4
https://www.amazon.com/Lemisol-Plus-Womans-Intimate-Hygiene/dp/B000XQPZAQ/ref=sr_1_199?keywords=feminine+wash&qid=1708004429&sr=8-199,Lemisol Plus for a Womans Most Intimate Hygiene 8oz,B000XQPZAQ,https://m.media-amazon.com/images/I/51I6+wWq4fL._AC_UL320_.jpg,$7.49,True,Save more with Subscribe & Save$0.94,4.5 out of 5 stars,330
https://www.amazon.com/Lume-Acidified-Cleansing-Bar-Moisturizing/dp/B0CJMQZ1NR/ref=sr_1_200?keywords=feminine+wash&qid=1708004429&sr=8-200,"Lume Acidified Cleansing Bar - 24 Hour Odor Control - Removes Odor Better than Soap - Moisturizing Formula - SLS Free, Paraben Free - Safe For Sensitive Skin - (Unscented)",B0CJMQZ1NR,https://m.media-amazon.com/images/I/617MErOklVL._AC_UL320_.jpg,3 scents,True,$17.99 with Subscribe & Save discount$4.00,4.3 out of 5 stars,112
https://www.amazon.com/Essential-Feminine-Intimate-Deodorant-Eliminates/dp/B0BWRQWG88/ref=sr_1_201?keywords=feminine+wash&qid=1708004429&sr=8-201,"Yoni Essential Oil for Women Set of 3, 100% Natural Feminine Oil Intimate Deodorant for Women, Eliminates Odor and Ph Balanced, Feminine Serum Made with Pure Natural Essential Oils (1 fl oz/30 ml)",B0BWRQWG88,https://m.media-amazon.com/images/I/71ozUrZQoHL._AC_UL320_.jpg,$11.99,True,Save more with Subscribe & Save$4.00,4.3 out of 5 stars,268
https://www.amazon.com/Feminine-Cleansing-Probiotics-cleansing-sensitive/dp/B0844R4NWK/ref=sr_1_202?keywords=feminine+wash&qid=1708004429&sr=8-202,"Feminine Cleansing Bar 3 Pack, Probiotics, Apple Cider Vinegar, Omega Fatty Acids, Oatmeal, Pure, gentle cleansing bar for sensitive skin, face, body, 3.5 oz (Petal Fresh Scent)",B0844R4NWK,https://m.media-amazon.com/images/I/81PUStdygNL._AC_UL320_.jpg,2 scents,True,$16.98 with Subscribe & Save discount$1.70,4.3 out of 5 stars,504
https://www.amazon.com/Lactacyd-Intimate-Sensitive-Enriched-Natural-Extract/dp/B01BJ002MK/ref=sr_1_203?keywords=feminine+wash&qid=1708004429&sr=8-203,Lactacyd Intimate Wash Sensitive-Enriched with Natural Lactic Acid & Cotton Extract 200ml,B01BJ002MK,https://m.media-amazon.com/images/I/51yejqBKySL._AC_UL320_.jpg,$16.00,True,($2.35$2.35/Fl Oz)$2.35,4.2 out of 5 stars,60
https://www.amazon.com/Impressive-Intimate-Balanced-Cleansing-Irritation/dp/B0BW7N73KP/ref=sr_1_204?keywords=feminine+wash&qid=1708004429&sr=8-204,"Impressive Beauty Intimate Wash for Men Natural Organic with Tea Tree Oil | pH Balanced Foam Cleansing | Removes Sweat, Bad Odor, Itching, and Irritation | 4.05 fl. oz.",B0BW7N73KP,https://m.media-amazon.com/images/I/51slIKtwiQL._AC_UL320_.jpg,$9.98,True,($2.46$2.46/Fl Oz)$2.46,5.0 out of 5 stars,13
https://www.amazon.com/Love-Wellness-Vitamin-Immunity-Vaginal-Health-Gut/dp/B07TGFBSH9/ref=sr_1_205?keywords=feminine+wash&qid=1708004429&sr=8-205,"Love Wellness Women's Vaginal Health Supplement, Healthy V Vitamin | Maintains pH Balance, Gut Health & Supports Immunity | Feminine Balance of Candida Yeast with Turmeric & Coconut Oil | 30 Tablets",B07TGFBSH9,https://m.media-amazon.com/images/I/61I0u3CyPIL._AC_UL320_.jpg,$24.99,True,$22.49 with Subscribe & Save discount$0.83,4.5 out of 5 stars,1650
https://www.amazon.com/Tree-Body-Wash-Antifungal-Antibacterial/dp/B09BG1KMF4/ref=sr_1_206?keywords=feminine+wash&qid=1708004429&sr=8-206,"Tea Tree Body Wash Antifungal - Antibacterial Body Wash with Tea Tree and Manuka, Helps Soothe Athleteâs Foot, Ringworm, Jock Itch, Chafing, Odor removal by Balm of Gilead (8.25 fl oz)",B09BG1KMF4,https://m.media-amazon.com/images/I/61DuxuX7U0L._AC_UL320_.jpg,$19.99,True,$17.99 with Subscribe & Save discount$2.42,4.4 out of 5 stars,269
https://www.amazon.com/Yoni-Oil-Eliminates-Lemongrass-Chamomile/dp/B08YX9NQ31/ref=sr_1_207?keywords=feminine+wash&qid=1708004429&sr=8-207,"USA Made Restores pH Balance, Relieves Drynesss, Yoni Oil, Mint Fresh Feminine Care Oil, Reduces Odor, All Natural, Herbal Yoni Blend Tea Tree, Mint, Lemongrass, Jasmine & Chamomile",B08YX9NQ31,https://m.media-amazon.com/images/I/713ygbY41sL._AC_UL320_.jpg,$14.99,True,$13.49 with Subscribe & Save discount$14.99,4.4 out of 5 stars,3253
https://www.amazon.com/HH-Feminine-Soothing-Herb-Health/dp/B082RVWY93/ref=sr_1_208?keywords=feminine+wash&qid=1708004429&sr=8-208,Feminine Wash + Vaginal Deodorant Spray - Natural Essential Oil Scent HH Herb&Health-Fresh floral,B082RVWY93,https://m.media-amazon.com/images/I/71UsWI+gfIS._AC_UL320_.jpg,$44.99,True,Save more with Subscribe & Save$5.32,2.5 out of 5 stars,3
https://www.amazon.com/Hydrating-Feminine-Sanais-Skin-Rosemary/dp/B0CS4PJZ42/ref=sr_1_209?keywords=feminine+wash&qid=1708004429&sr=8-209,Hydrating Feminine Wash by Sanai's Skin | V-Power Feminine Wash | Made with Aloe & Rosemary | Gentle Feminine Wash - 8 oz,B0CS4PJZ42,https://m.media-amazon.com/images/I/61B2sYMIJjL._AC_UL320_.jpg,$12.00,False,($1.50$1.50/Fl Oz)$1.50,,
https://www.amazon.com/Summers-Eve-Delicate-Refreshing-Feminine/dp/B0CH1HDG7M/ref=sr_1_210?keywords=feminine+wash&qid=1708004429&sr=8-210,"Summer's Eve Delicate Blossom Daily Refreshing Feminine Wash, Removes Odor, pH balanced, 15 fl oz. (Pack of 10)",B0CH1HDG7M,https://m.media-amazon.com/images/I/41AIoO9KE7L._AC_UL320_.jpg,3 sizes,False,List:$0.30,4.6 out of 5 stars,8
https://www.amazon.com/Xtra-Care-Feminine-Foaming-Coconut/dp/B0BJXHMWJY/ref=sr_1_211?keywords=feminine+wash&qid=1708004429&sr=8-211,Feminine Foaming Wash (Coconut),B0BJXHMWJY,https://m.media-amazon.com/images/I/81M5HjJC5CL._AC_UL320_.jpg,$9.85,True,($2.81$2.81/Fl Oz)$2.81,5.0 out of 5 stars,1
https://www.amazon.com/Ylang-Ylang-Essential-Feminine-Deodorant-Eliminates/dp/B0CPPN7DX1/ref=sr_1_212?keywords=feminine+wash&qid=1708004429&sr=8-212,"2 Packs Yoni Ylang-Ylang Essential Oil, All 100% Natural Feminine, Intimate Deodorant for Women, Ph Balanced and Eliminates Odor, Serum (1 fl oz/30 ml)",B0CPPN7DX1,https://m.media-amazon.com/images/I/71XS31chLYL._AC_UL320_.jpg,$9.99,True,($5.00$5.00/Fl Oz)$5.00,4.5 out of 5 stars,17
https://www.amazon.com/HUECALM-Balancing-Feminine-Sensitive-Unscented/dp/B0CH4C213N/ref=sr_1_213?keywords=feminine+wash&qid=1708004429&sr=8-213,"Pure & Balancing Feminine Wash, Low pH Balance, Vegan, Korean Beauty Product, Sensitive Skin, Intimate Wash Women, Unscented, 150ml",B0CH4C213N,https://m.media-amazon.com/images/I/81SPuYoI6ZL._AC_UL320_.jpg,$16.99,True,($16.99$16.99/Fl Oz)$16.99,,1
https://www.amazon.com/ALL-Natural-Body-Wash-Athletes/dp/B0B8C5D6T4/ref=sr_1_214?keywords=feminine+wash&qid=1708004429&sr=8-214,"First Botany, ALL Natural Body Wash, Fights Body Odor, Athlete's Foot, Jock Itch, Dandruff, Acne, Eczema, Shower Gel for Women & Men, Skin Cleanser -16 fl oz (Tea Tree, Lemon Grass, Clary Sage)",B0B8C5D6T4,https://m.media-amazon.com/images/I/61RUh20ISRL._AC_UL320_.jpg,$15.95,True,$15.15 with Subscribe & Save discount$1.00,4.1 out of 5 stars,520
https://www.amazon.com/Summers-Eve-Feminine-Cleansing-Variety/dp/B0CKTQVCYD/ref=sr_1_215?keywords=feminine+wash&qid=1708004429&sr=8-215,"Summer's Eve Island Splash Feminine Cleansing Variety Pack (Wash, Wipes, Spray, & Douche) (1 of each)",B0CKTQVCYD,https://m.media-amazon.com/images/I/51FueLzxD9L._AC_UL320_.jpg,$24.52,False,($6.13$6.13/Fl Oz)$6.13,,22
https://www.amazon.com/Lemisol-Plus-Feminine-Wash-Pack/dp/B082CW4YGW/ref=sr_1_216?keywords=feminine+wash&qid=1708004429&sr=8-216,Lemisol Plus Feminine Wash 16 oz (Pack of 4),B082CW4YGW,https://m.media-amazon.com/images/I/31oHKw3M1SL._AC_UL320_.jpg,$43.17,True,Save more with Subscribe & Save$0.67,4.8 out of 5 stars,44
https://www.amazon.com/NewLife-Naturals-Certified-Organic-Vulva/dp/B0BP9FX4H8/ref=sr_1_217?keywords=feminine+wash&qid=1708004429&sr=8-217,"NewLife Naturals Certified Organic Vulva Cream - Menopause Support, Itching Relief, Vaginal Moisturizer & Dryness Solution | All Natural Estrogen Free Intimate Feminine Care - 2 Oz - Made in USA",B0BP9FX4H8,https://m.media-amazon.com/images/I/71R1Br+A6jL._AC_UL320_.jpg,2 sizes,True,$16.06 with Subscribe & Save discount$8.45,4.4 out of 5 stars,207
https://www.amazon.com/Essential-Feminine-Eliminates-Moisturizer-Deodorant/dp/B0CFVHRGGL/ref=sr_1_218?keywords=feminine+wash&qid=1708004429&sr=8-218,"2 Pack Yoni Essential Oil Organic Feminine Oil Eliminates Odor Vaginal Moisturizer for Wetness, Ph Balance for Women Feminine Deodorant Soothes Ingrown Hair Peach Intimate Oil, 1 fl oz",B0CFVHRGGL,https://m.media-amazon.com/images/I/71T2gNJjRUL._AC_UL320_.jpg,$8.99,True,$8.09 with Subscribe & Save discount$4.50,3.9 out of 5 stars,74
https://www.amazon.com/Andre-Seals-Hygiene-Intimate-Privates/dp/B0BLZNFBW9/ref=sr_1_219?keywords=feminine+wash&qid=1708004429&sr=8-219,"Intimate Wash for Men, Lucky Nights Scent â Refreshing Genital Care & Odor Control, Hydrating Ball Wash, Ensures Day-Long Freshness, I Rich Lather Formula for Men & Men's Hygiene",B0BLZNFBW9,https://m.media-amazon.com/images/I/71ve-s1dQHL._AC_UL320_.jpg,3 scents,True,$13.49 with Subscribe & Save discount5% coupon applied at checkoutSave 5% with coupon$2.50,4.3 out of 5 stars,70
https://www.amazon.com/Joylux-Cleansing-pH-Balanced-Ingredients-Absorbent/dp/B091SVMHVH/ref=sr_1_220?keywords=feminine+wash&qid=1708004429&sr=8-220,"SHEbar, Feminine Cleansing Bar, Yoni Bar, pH-Balanced Formula, Clean & Gentle Ingredients, Velvety Texture, Light Mandarin Scent, Rich in Essential Oils (3.2oz)",B091SVMHVH,https://m.media-amazon.com/images/I/51V6LQN6+NL._AC_UL320_.jpg,$11.00,True,($11.00$11.00/Count)$11.00,4.2 out of 5 stars,289
https://www.amazon.com/Essential-Feminine-Intimate-Deodorant-Eliminates/dp/B09XK9RK8R/ref=sr_1_221?keywords=feminine+wash&qid=1708004429&sr=8-221,"2 Packs Rose Essential Oil, All 100% Natural Feminine, Intimate Deodorant for Women, Ph Balanced and Eliminates Odor, Serum (1 fl oz/30 ml)",B09XK9RK8R,https://m.media-amazon.com/images/I/71qG0c8jQ0L._AC_UL320_.jpg,$9.99,True,Save more with Subscribe & Save$5.00,4.4 out of 5 stars,735
https://www.amazon.com/Essential-Feminine-Intimate-Deodorant-Eliminates/dp/B0CPPLW83G/ref=sr_1_222?keywords=feminine+wash&qid=1708004429&sr=8-222,"3 Packs Yoni Essential Oil for Women, 100% Natural Feminine Oil Intimate Deodorant for Women, Eliminates Odor and Ph Balanced, Feminine Serum Made with Pure Natural Essential Oils (1 fl oz/30 ml)",B0CPPLW83G,https://m.media-amazon.com/images/I/71aHO35zBbL._AC_UL320_.jpg,$11.99,True,($4.00$4.00/Fl Oz)$4.00,4.6 out of 5 stars,20
https://www.amazon.com/Essential-Eliminates-Feminine-Deodorants-Handmade/dp/B0B7H8ZWRR/ref=sr_1_223?keywords=feminine+wash&qid=1708004429&sr=8-223,"Yoni Soap Bars Yoni Wash & Yoni Essential Oil Set Of 3, Ph Balance for Women Eliminates Odor Feminine Wash Vaginal Deodorants,100% Natural Feminine Oil 30ml, 5.29oz Handmade Soap",B0B7H8ZWRR,https://m.media-amazon.com/images/I/61Ck-veQIQL._AC_UL320_.jpg,$16.99,True,($4.25$4.25/Count)$4.25,4.4 out of 5 stars,305
https://www.amazon.com/Dove-Beauty-Pink-packaging-vary/dp/B002DUOOXO/ref=sr_1_224?keywords=feminine+wash&qid=1708004429&rdc=1&sr=8-224,Dove Beauty Bar Gentle Skin Cleanser Pink 6 Bars Moisturizing for Soft Care More Than Soap 3.75 oz,B002DUOOXO,https://m.media-amazon.com/images/I/71a4YiH1QoL._AC_UL320_.jpg,"6 sizes, 5 scents",True,$9.22 with Subscribe & Save discount<label>Extra 20% off</label> when you subscribeExtra 20% off when you subscribe$0.43,4.8 out of 5 stars,23678
https://www.amazon.com/JILGYUNGYI-PRO-Feminine-Wash-Tablets/dp/B0CLDVSGNK/ref=sr_1_225?keywords=feminine+wash&qid=1708004429&sr=8-225,"PRO Feminine Wash Tablets - Feminine Intimate Solution - Moisturizing, Tightening, Odor Control, Brightening, Dryness & Itching Relief (6 ea)",B0CLDVSGNK,https://m.media-amazon.com/images/I/61HS8SAQg-L._AC_UL320_.jpg,3 sizes,True,Save more with Subscribe & SaveSave 5% on 5 select item(s)$14.99,2.7 out of 5 stars,8
https://www.amazon.com/Eucerin-Intim-Protect-Gentle-Cleansing-Fluid/dp/B0070X3CQO/ref=sr_1_226?keywords=feminine+wash&qid=1708004429&sr=8-226,Eucerin Intim-Protect Gentle Cleansing Fluid 250ml,B0070X3CQO,https://m.media-amazon.com/images/I/51koZl8ntRL._AC_UL320_.jpg,$13.91,True,Save more with Subscribe & Save$1.65,4.6 out of 5 stars,192
https://www.amazon.com/Saugella-SAUGELLA-DERMOLIQUIDE-2X500ML/dp/B07ZFX1BW5/ref=sr_1_227?keywords=feminine+wash&qid=1708004429&sr=8-227,DERMOLIQUIDE - 2X500ML,B07ZFX1BW5,https://m.media-amazon.com/images/I/318H6qj5GNL._AC_UL320_.jpg,$34.80,True,($1.03$1.03/Fl Oz)$1.03,4.2 out of 5 stars,20
https://www.amazon.com/Oskinome-Vaginal-Moisturizer-Feminine-Balances/dp/B0CC27KR3C/ref=sr_1_228?keywords=feminine+wash&qid=1708004429&sr=8-228,"Water Based Vaginal Moisturizer for Vaginal Dryness Feminine Wash for Women Vaginal Wash Clean, Remove Odor, pH Balances,150ML (Rose)",B0CC27KR3C,https://m.media-amazon.com/images/I/418kHmZJmeL._AC_UL320_.jpg,$9.89,True,($9.89$9.89/Fl Oz)$9.89,,1
https://www.amazon.com/Pack-Organic-Feminine-Women-Balance/dp/B0CPYRQNVP/ref=sr_1_229?keywords=feminine+wash&qid=1708004429&sr=8-229,"2 Pack Yoni Oil Organic Feminine Oil for Women pH Balance - Feminine Deodorant -Vaginal Moisturizer -Eliminates Odor with Rose Essential Oil, All Natural Yoni Essential Oil, 1 fl oz/pc",B0CPYRQNVP,https://m.media-amazon.com/images/I/71UHRCwDODL._AC_UL320_.jpg,$9.99,True,($9.99$9.99/Fl Oz)$9.99,4.7 out of 5 stars,7
https://www.amazon.com/EUCERIN-HIGIENE-INTIMA-DESCUENTO-SEGUNDA/dp/B01BEIIO18/ref=sr_1_230?keywords=feminine+wash&qid=1708004429&sr=8-230,EUCERIN DUPLO HIGIENE INTIMA 250 ML 50 % DESCUENTO SEGUNDA UNID,B01BEIIO18,https://m.media-amazon.com/images/I/51TlRwhSDCL._AC_UL320_.jpg,$20.51,True,Typical:$1.21,4.6 out of 5 stars,196
https://www.amazon.com/OFFO-Postpartum-Recovery-Essentials-Cleansing/dp/B0CCDLF4HR/ref=sr_1_231?keywords=feminine+wash&qid=1708004429&sr=8-231,"Peri Bottle for Postpartum Recovery, 17OZ (500ML) Labor and Delivery Essentials for Feminine Hygiene Care, Perineal Cleansing After Birth Pink",B0CCDLF4HR,https://m.media-amazon.com/images/I/519FDOhZNVL._AC_UL320_.jpg,$5.99,True,Save more with Subscribe & Save$5.99,4.3 out of 5 stars,39
https://www.amazon.com/Essential-Feminine-Intimate-Deodorant-Eliminates/dp/B0BTVN92YW/ref=sr_1_232?keywords=feminine+wash&qid=1708004429&sr=8-232,"2 Packs Yoni Essential Oil for Women, 1 fl oz/30 ml Feminine Oil Intimate Deodorant for Women, Restores Ph Balanced and Eliminates Odor, 100% Natural Feminine Serum Made with Honeydew Essential Oils",B0BTVN92YW,https://m.media-amazon.com/images/I/71Llayuf34L._AC_UL320_.jpg,$9.99,True,Save more with Subscribe & Save$5.00,4.2 out of 5 stars,75
https://www.amazon.com/KING-COMBOS-unexpected-confident-individual/dp/B0CSGTVMXY/ref=sr_1_233?keywords=feminine+wash&qid=1708004429&sr=8-233,"Feminine wash, kit travel expected the unexpected and keep confident with individual wrap items QR code (Leak Rescue & Peach Blossom)",B0CSGTVMXY,https://m.media-amazon.com/images/I/51jCjkuHtxL._AC_UL320_.jpg,17 scents,True,($14.99$14.99/Count)$14.99,,
https://www.amazon.com/Magic-Moisturizer-Deodorant-Eliminates-Essential/dp/B0BX4SJX6C/ref=sr_1_234?keywords=feminine+wash&qid=1708004429&sr=8-234,Magic V Steam V Yoni Oil Spray Organic Feminine Oil Vaginal Moisturizer For Wetness (Peach) Ph Balance Feminine Deodorant Eliminates Odor With Essential Oils,B0BX4SJX6C,https://m.media-amazon.com/images/I/61eOdr9dFhL._AC_UL320_.jpg,3 scents,True,$15.26 with Subscribe & Save discount$9.97,4.4 out of 5 stars,128
https://www.amazon.com/Hylands-Naturals-Chafing-Relief-Formula/dp/B0BVCZ3GJD/ref=sr_1_235?keywords=feminine+wash&qid=1708004429&rdc=1&sr=8-235,"Hyland's Naturals Chafing Relief, Cream to Powder Formula, Women's Anti Chafing Cream - 3 Ounce",B0BVCZ3GJD,https://m.media-amazon.com/images/I/613IGjg8edL._AC_UL320_.jpg,$14.08,True,$13.38 with Subscribe & Save discount<label>Extra 20% off</label> when you subscribeExtra 20% off when you subscribe$4.69,4.3 out of 5 stars,122
https://www.amazon.com/Her-SECRET-GARDEN-Fresh-Yoni/dp/B0CCRHZ2HP/ref=sr_1_236?keywords=feminine+wash&qid=1708004429&sr=8-236,"Fresh Yoni - Feminine Spray 2oz, plant-based soothing mist all natural with aloe vera, vitamin B-12 and probiotics",B0CCRHZ2HP,https://m.media-amazon.com/images/I/71dh4qhrTWL._AC_UL320_.jpg,$6.99,True,$6.64 with Subscribe & Save discount$3.50,,
https://www.amazon.com/Aromlife-Feminine-Balance-Eliminate-Vaginal/dp/B0CNRLV35G/ref=sr_1_237?keywords=feminine+wash&qid=1708004429&sr=8-237,"3 Pack Yoni Daily Feminine Wash Kit, Yoni Oil & Yoni Wash Gel & Yoni Bar Soap, for Women pH Balance and Eliminate Vaginal Odor",B0CNRLV35G,https://m.media-amazon.com/images/I/61qiccLRkoL._AC_UL320_.jpg,$16.99,True,($5.66$5.66/Count)$5.66,,134
https://www.amazon.com/Oskinome-Feminine-Wash-150ML-mint/dp/B0CC26XM65/ref=sr_1_238?keywords=feminine+wash&qid=1708004429&sr=8-238,"Feminine Wash,150ML (mint)",B0CC26XM65,https://m.media-amazon.com/images/I/41trY34DAjL._AC_UL320_.jpg,$9.89,True,($9.89$9.89/Fl Oz)$9.89,,20
https://www.amazon.com/Aromlife-Rose-Yoni-daily-Wash/dp/B0CQ25RKZP/ref=sr_1_239?keywords=feminine+wash&qid=1708004429&sr=8-239,"Rose Yoni daily Wash Set - Yoni Oil & Yoni Bar & Yoni Feminine Wash, Ph Balance for Women & Eliminate Vaginal Odor & wetness, Pack of 3",B0CQ25RKZP,https://m.media-amazon.com/images/I/61F9S4kw1HL._AC_UL320_.jpg,$19.99,True,($6.66$6.66/Count)$6.66,,20
https://www.amazon.com/Aromlife-Feminine-Essential-Eliminates-Smoothing/dp/B0CCJ54TFY/ref=sr_1_240?keywords=feminine+wash&qid=1708004429&sr=8-240,"Feminine Oil Yoni Soap Bar & Yoni Oil Set of 3, Peach Essential Oil & Yoni Oil Feminine Oil for Women Ph Balance, Eliminates Odor and Smoothing Feminine Care",B0CCJ54TFY,https://m.media-amazon.com/images/I/61jqWWJHbLL._AC_UL320_.jpg,$16.99,True,Save more with Subscribe & Save$5.66,5.0 out of 5 stars,3
https://www.amazon.com/Joriole-Intimate-Netherlands-Sensitive-Coloring/dp/B0CB7LXGBN/ref=sr_1_241?keywords=feminine+wash&qid=1708004818&sr=8-241,"Intimate Hygiene Wash for Men Imported from Netherlands,pH Balance for Sensitive Skin,No Coloring Intimate Hygiene Wash for Men",B0CB7LXGBN,https://m.media-amazon.com/images/I/71JkTzK22wS._AC_UL320_.jpg,$16.99,True,Save more with Subscribe & Save$4.05,3.8 out of 5 stars,49
https://www.amazon.com/OFFO-Postpartum-Recovery-Essentials-Cleansing/dp/B0CCDLF4HR/ref=sr_1_242?keywords=feminine+wash&qid=1708004818&sr=8-242,"Peri Bottle for Postpartum Recovery, 17OZ (500ML) Labor and Delivery Essentials for Feminine Hygiene Care, Perineal Cleansing After Birth Pink",B0CCDLF4HR,https://m.media-amazon.com/images/I/519FDOhZNVL._AC_UL320_.jpg,$5.99,True,Save more with Subscribe & Save$5.99,4.3 out of 5 stars,39
https://www.amazon.com/Violet-Vibes-Ultra-Gentle-Feminine-Unscented/dp/B0BC285X3T/ref=sr_1_243?keywords=feminine+wash&qid=1708004818&sr=8-243,"Ultra-Gentle Feminine Wash | pH-Balancing, Nourishing, Odor-Control for Intimate Areas & Sensitive Skin | Daily Women Hygiene Essential | Infused w/Plant-Based Extracts | Unscented",B0BC285X3T,https://m.media-amazon.com/images/I/71-CUj+aIPL._AC_UL320_.jpg,"2 sizes, 4 scents",True,$31.46 with Subscribe & Save discount$1.46,4.3 out of 5 stars,27
https://www.amazon.com/Vagina-Intimate-Cleanser-ounce-SHIPPING-Ships/dp/B07GCTL23F/ref=sr_1_244?keywords=feminine+wash&qid=1708004818&sr=8-244,"Vaginal Wash, Feminine Odor, Itchy yeast vagina, foam Intimate Cleanser, 7 ounce, Ships in 1 day",B07GCTL23F,https://m.media-amazon.com/images/I/51NuC6rlyvL._AC_UL320_.jpg,$18.50,False,,4.4 out of 5 stars,7
https://www.amazon.com/oric-Acid-Suppositories-Vaginal-Health/dp/B08YVSQDL3/ref=sr_1_245?keywords=feminine+wash&qid=1708004818&sr=8-245,"Love Wellness Boric Acid Suppositories for Women, The Killer | Vaginal Suppository for Healthy pH Balance & Odor Control | Hygiene Products for Discomfort | Intimate Feminine Health",B08YVSQDL3,https://m.media-amazon.com/images/I/714DBJHrEZL._AC_UL320_.jpg,$17.68,True,$15.91 with Subscribe & Save discount$1.26,4.5 out of 5 stars,7109
https://www.amazon.com/BASSI-3PCS-Natural-Essential-Balance/dp/B0BZST6YLG/ref=sr_1_246?keywords=feminine+wash&qid=1708004818&sr=8-246,"2PCS Yoni Oil Organic Feminine Oil Vaginal Moisturizer - Ph Balance for Women - Feminine Deodorant - Eliminates Odor With Strawberry Essential Oil, All Natural Yoni Oil (rose strawberry peach)",B0BZST6YLG,https://m.media-amazon.com/images/I/71pCMPXco6L._AC_UL320_.jpg,$9.99,True,Save more with Subscribe & Save$3.33,4.1 out of 5 stars,184
https://www.amazon.com/Puressentiel-Organic-Intimate-Hygiene-Cleansing/dp/B07M74SFM4/ref=sr_1_247?keywords=feminine+wash&qid=1708004818&sr=8-247,Puressentiel Intimate Hygiene Gentle Cleansing Gel for Women - 16.9 oz Gel,B07M74SFM4,https://m.media-amazon.com/images/I/71D1SCeVdeL._AC_UL320_.jpg,"2 sizes, 2 scents",True,Save more with Subscribe & Save$1.17,4.5 out of 5 stars,671
https://www.amazon.com/Magic-Moisturizer-Deodorant-Eliminates-Essential/dp/B0BX4SJX6C/ref=sr_1_248?keywords=feminine+wash&qid=1708004818&sr=8-248,Magic V Steam V Yoni Oil Spray Organic Feminine Oil Vaginal Moisturizer For Wetness (Peach) Ph Balance Feminine Deodorant Eliminates Odor With Essential Oils,B0BX4SJX6C,https://m.media-amazon.com/images/I/61eOdr9dFhL._AC_UL320_.jpg,3 scents,True,$15.26 with Subscribe & Save discount$9.97,4.4 out of 5 stars,128
https://www.amazon.com/Hotiary-Balance-Eliminates-Essential-Deodorize/dp/B0B9WKXNH9/ref=sr_1_249?keywords=feminine+wash&qid=1708004818&sr=8-249,"Ph Balance Yoni Essential Oil Eliminates Odor for Women, Female Privacy Care Rose Serum Deodorize Vagina Tighten Relieve Stress",B0B9WKXNH9,https://m.media-amazon.com/images/I/61JSZSfOjCL._AC_UL320_.jpg,$9.59,True,5% coupon applied at checkoutSave 5% with coupon$9.59,4.0 out of 5 stars,146
https://www.amazon.com/Hylands-Naturals-Chafing-Relief-Formula/dp/B0BVCZ3GJD/ref=sr_1_250?keywords=feminine+wash&qid=1708004818&rdc=1&sr=8-250,"Hyland's Naturals Chafing Relief, Cream to Powder Formula, Women's Anti Chafing Cream - 3 Ounce",B0BVCZ3GJD,https://m.media-amazon.com/images/I/613IGjg8edL._AC_UL320_.jpg,$14.08,True,$13.38 with Subscribe & Save discount<label>Extra 20% off</label> when you subscribeExtra 20% off when you subscribe$4.69,4.3 out of 5 stars,122
https://www.amazon.com/Her-Secret-Garden-Clean-Yoni/dp/B0B2VSK1HX/ref=sr_1_251?keywords=feminine+wash&qid=1708004818&sr=8-251,"Clean Yoni - Feminine Wash, Gentle Cleanse, Remove Odor, Promotes Healthy pH, 6oz",B0B2VSK1HX,https://m.media-amazon.com/images/I/616R-yBmQCL._AC_UL320_.jpg,$15.00,True,$14.25 with Subscribe & Save discount$15.00,4.7 out of 5 stars,9
https://www.amazon.com/Essential-Eliminates-Feminine-Deodorants-Handmade/dp/B0B7H8ZWRR/ref=sr_1_252?keywords=feminine+wash&qid=1708004818&sr=8-252,"Yoni Soap Bars Yoni Wash & Yoni Essential Oil Set Of 3, Ph Balance for Women Eliminates Odor Feminine Wash Vaginal Deodorants,100% Natural Feminine Oil 30ml, 5.29oz Handmade Soap",B0B7H8ZWRR,https://m.media-amazon.com/images/I/61Ck-veQIQL._AC_UL320_.jpg,$16.99,True,($4.25$4.25/Count)$4.25,4.4 out of 5 stars,305
https://www.amazon.com/FARMASi-Long-Term-Freshness-Cleansing-Ingredient/dp/B085NWL4X2/ref=sr_1_253?keywords=feminine+wash&qid=1708004818&sr=8-253,"FARMASI Dr. C. Tuna Intim Wash Gel, It Provides Long-Term Cleaning and Freshness, Feminine Cleansing Wash for Sensitive Skin, No Harmful Chemicals, Natural Vegan Ingredient, 7.6 fl.oz / 225 ml",B085NWL4X2,https://m.media-amazon.com/images/I/31AlMCvuW4L._AC_UL320_.jpg,$16.90,True,Save more with Subscribe & Save$2.17,4.4 out of 5 stars,9
https://www.amazon.com/HOT-FLOWERS-Essentials-Gynecologist-Dermatologist/dp/B0CHJZFDWC/ref=sr_1_254?keywords=feminine+wash&qid=1708004818&sr=8-254,"Feminine Wash for Intimate Care, Women pH Balanced for Essentials Body Health, Daily Use, Gynecologist and Dermatologist Tested, 4.4 fl oz (Mix Unisex)",B0CHJZFDWC,https://m.media-amazon.com/images/I/71gOuNagxgL._AC_UL320_.jpg,7 scents,True,$14.76 with Subscribe & Save discount10% coupon applied at checkoutSave 10% with coupon$1.24,4.2 out of 5 stars,10
https://www.amazon.com/Fresca-Feminine-Hygiene-Ounce-473ml/dp/B00OQJEA5C/ref=sr_1_255?keywords=feminine+wash&qid=1708004818&sr=8-255,Feminine Hygiene Wash 16 Ounce (473ml) (6 Pack),B00OQJEA5C,https://m.media-amazon.com/images/I/614YcGO04uL._AC_UL320_.jpg,$42.99,False,Typical:$0.45,3.8 out of 5 stars,7
https://www.amazon.com/Honey-Pot-Company-Feminine-Sensitive/dp/B0CLBNTR8H/ref=sr_1_256?keywords=feminine+wash&qid=1708004818&sr=8-256,The Honey Pot Company - Feminine Wash - Herbal Infused Feminine Hygiene Wash for Sensitive Skin Types - PH Balanced Plant Based Wash Free from Parabens and Sulfates - Bergamot Rose - 5.51 Fluid Oz.,B0CLBNTR8H,https://m.media-amazon.com/images/I/61UxadE5STL._AC_UL320_.jpg,,False,,,
https://www.amazon.com/Nard-Low-Mild-Feminine-Wash/dp/B08HRXYS7S/ref=sr_1_257?keywords=feminine+wash&qid=1708004818&sr=8-257,Nard Low pH Mild Feminine Wash,B08HRXYS7S,https://m.media-amazon.com/images/I/41ihvZDv8cL._AC_UL320_.jpg,$14.99,True,Save more with Subscribe & Save$1.48,,101
https://www.amazon.com/Summers-Eve-Delicate-Refreshing-Feminine/dp/B0CH1HDG7M/ref=sr_1_258?keywords=feminine+wash&qid=1708004818&sr=8-258,"Summer's Eve Delicate Blossom Daily Refreshing Feminine Wash, Removes Odor, pH balanced, 15 fl oz. (Pack of 10)",B0CH1HDG7M,https://m.media-amazon.com/images/I/41AIoO9KE7L._AC_UL320_.jpg,3 sizes,False,List:$0.30,4.6 out of 5 stars,8
https://www.amazon.com/VANERIA-Intimate-Feminine-Eliminate-Irritation/dp/B0B695FL41/ref=sr_1_259?keywords=feminine+wash&qid=1708004818&sr=8-259,"VANERIA Feminine Intimate Vaginal Wash,Vagisil Wash All Natural Moisturizing Gentle Daily Feminine Wash Odor-Control,pH Balancing,Relieves Dryness,Mothers Day Gifts for Mom(190ml / 6.42 Fl Oz)",B0B695FL41,https://m.media-amazon.com/images/I/51SAxsxcjlL._AC_UL320_.jpg,$12.99,True,Save more with Subscribe & Save$2.02,4.6 out of 5 stars,2
https://www.amazon.com/Clarisse-Feminine-Cleansing-Wash-Pack/dp/B00LQ7UH72/ref=sr_1_260?keywords=feminine+wash&qid=1708004818&sr=8-260,Feminine Cleansing Wash 9oz (4 Pack) (4),B00LQ7UH72,https://m.media-amazon.com/images/I/61Txke4judL._AC_UL320_.jpg,$12.48,True,Save more with Subscribe & Save$1.39,4.2 out of 5 stars,13
https://www.amazon.com/Vaginal-Handmade-Feminine-Vaginial-Deodorants/dp/B09MP3BY1S/ref=sr_1_261?keywords=feminine+wash&qid=1708004818&sr=8-261,"Yoni Soap Bars For Women Vaginal Wash, 2 PCS Organic Handmade Yoni Bar Soap Feminine Wash Soap Natural Yoni Wash Vaginial Deodorants, Ph Balance - Vaginal Care Rose Soap with Bubble Net 3.53 oz",B09MP3BY1S,https://m.media-amazon.com/images/I/51m4MuLsybL._AC_UL320_.jpg,$9.99,True,Save more with Subscribe & Save$1.77,4.3 out of 5 stars,205
https://www.amazon.com/BASSI-Organic-Feminine-Vaginal-Moisturizer/dp/B0CKY1LZR4/ref=sr_1_262?keywords=feminine+wash&qid=1708004818&sr=8-262,"2PCS Yoni Oil Organic Feminine Oil Vaginal Moisturizer - Ph Balance for Women - Feminine Deodorant - Eliminates Odor with Pineapple Essential Oil, All Natural Oil, 1 fl oz/PC",B0CKY1LZR4,https://m.media-amazon.com/images/I/71zOAia18PL._AC_UL320_.jpg,$9.99,True,Save more with Subscribe & Save$5.00,4.2 out of 5 stars,23
https://www.amazon.com/Balance-Feminine-Wash-Moisturizing-Paraben-Free/dp/B09ZRRHFPN/ref=sr_1_263?keywords=feminine+wash&qid=1708004818&sr=8-263,"Ph Balance Feminine Wash - Vee Health & Yoni Wash Shower Gel- Use with Yoni Oil. Moisturizing Calendula, Mint for Odor, Itchy & Dry Skin - Paraben-Free Gentle Cleanse Daily Use 6 oz",B09ZRRHFPN,https://m.media-amazon.com/images/I/61V272N0vXL._AC_UL320_.jpg,$15.99,False,($2.28$2.28/Fl Oz)$2.28,4.4 out of 5 stars,856
https://www.amazon.com/Creamy-Coconut-Feminine-Foaming-Formula/dp/B0C97Q6BBP/ref=sr_1_264?keywords=feminine+wash&qid=1708004818&sr=8-264,"Creamy Coconut Feminine Foaming Wash, Net 4fl.oz (2PK) (Gentle Formula)",B0C97Q6BBP,https://m.media-amazon.com/images/I/51ZIvURhqBL._AC_UL320_.jpg,$17.97,False,($2.25$2.25/Fl Oz)$2.25,,4
https://www.amazon.com/Honey-Pot-Company-Sensitive-Sulfates/dp/B0C3BHMK76/ref=sr_1_265?keywords=feminine+wash&qid=1708004818&sr=8-265,The Honey Pot Company - Feminine Wash & Feminine Wipe Bundle - Includes Unscented Ph Balance Feminine Wash and Wipes for Women - Herbal Infused Feminine Care Products - Normal,B0C3BHMK76,https://m.media-amazon.com/images/I/61WKF+4Br+L._AC_UL320_.jpg,$19.49,False,10% coupon applied at checkoutSave 10% with coupon$21.98,4.7 out of 5 stars,114
https://www.amazon.com/Private-Cleanser-Removal-Balance-Intimate/dp/B0BSH514N8/ref=sr_1_266?keywords=feminine+wash&qid=1708004818&sr=8-266,"Women Private Part Cleanser,2pcs 20ml Women Private Part Care Liquid Odor Removal Balance PH Intimate Area Cleaner Private Part Wash",B0BSH514N8,https://m.media-amazon.com/images/I/619AoIGTeZL._AC_UL320_.jpg,$8.54,True,Save more with Subscribe & Save$8.54,,20
https://www.amazon.com/Yoni-Oil-Eliminates-Lemongrass-Chamomile/dp/B08YX9NQ31/ref=sr_1_267?keywords=feminine+wash&qid=1708004818&sr=8-267,"USA Made Restores pH Balance, Relieves Drynesss, Yoni Oil, Mint Fresh Feminine Care Oil, Reduces Odor, All Natural, Herbal Yoni Blend Tea Tree, Mint, Lemongrass, Jasmine & Chamomile",B08YX9NQ31,https://m.media-amazon.com/images/I/713ygbY41sL._AC_UL320_.jpg,$14.99,True,$13.49 with Subscribe & Save discount$14.99,4.4 out of 5 stars,3253
https://www.amazon.com/Lactacyd-Silky-Moisturizing-Daily-Feminine/dp/B01FWJ1WKU/ref=sr_1_268?keywords=feminine+wash&qid=1708004818&sr=8-268,Lactacyd Soft and Silky Moisturizing Daily Feminine Wash 150ml,B01FWJ1WKU,https://m.media-amazon.com/images/I/31jk1hwG+dL._AC_UL320_.jpg,$17.69,True,($3.49$3.49/Fl Oz)$3.49,4.1 out of 5 stars,11
https://www.amazon.com/Feminine-Eliminates-Herbs-Deodorants-ingredients/dp/B09WMYCG9N/ref=sr_1_269?keywords=feminine+wash&qid=1708004818&sr=8-269,Yoni Soap Feminine Wash Bar (3.5 oz) for Women Ph Balance Eliminates Odor 100% Natural Organic Herbs Handmade Deodorants for Female Care with Natural ingredients (White Rose),B09WMYCG9N,https://m.media-amazon.com/images/I/61CZlwZZmbL._AC_UL320_.jpg,2 scents,True,$10.92 with Subscribe & Save discount$3.28,4.3 out of 5 stars,34
https://www.amazon.com/Lactacyd-Intimate-Sensitive-Enriched-Natural-Extract/dp/B01BJ002MK/ref=sr_1_270?keywords=feminine+wash&qid=1708004818&sr=8-270,Lactacyd Intimate Wash Sensitive-Enriched with Natural Lactic Acid & Cotton Extract 200ml,B01BJ002MK,https://m.media-amazon.com/images/I/51yejqBKySL._AC_UL320_.jpg,$16.00,True,($2.35$2.35/Fl Oz)$2.35,4.2 out of 5 stars,60
https://www.amazon.com/Sliquid-Splash-Feminine-Honeydew-Cucumber/dp/B000XJHRFE/ref=sr_1_271?keywords=feminine+wash&qid=1708004818&sr=8-271,"Sliquid Splash Feminine Wash, Honeydew Cucumber, 8.5 Ounce",B000XJHRFE,https://m.media-amazon.com/images/I/51t7hgAxwYL._AC_UL320_.jpg,$14.99,False,($1.76$1.76/Fl Oz)$1.76,4.5 out of 5 stars,44
https://www.amazon.com/Fresca-Feminine-Hygiene-Wash-Pack/dp/B01IAILU7A/ref=sr_1_272?keywords=feminine+wash&qid=1708004818&sr=8-272,Feminine Hygiene Wash 16 oz (Pack of 5),B01IAILU7A,https://m.media-amazon.com/images/I/61dhaWLU80L._AC_UL320_.jpg,$38.66,False,($0.48$0.48/Fl Oz)$0.48,3.9 out of 5 stars,12
https://www.amazon.com/Oskinome-Vaginal-Moisturizer-Feminine-Balances/dp/B0CC27KR3C/ref=sr_1_273?keywords=feminine+wash&qid=1708004818&sr=8-273,"Water Based Vaginal Moisturizer for Vaginal Dryness Feminine Wash for Women Vaginal Wash Clean, Remove Odor, pH Balances,150ML (Rose)",B0CC27KR3C,https://m.media-amazon.com/images/I/418kHmZJmeL._AC_UL320_.jpg,$9.89,True,($9.89$9.89/Fl Oz)$9.89,,1
https://www.amazon.com/UNID-Cleansing-plant-based-SLES-free-fragrance-free/dp/B0CC94VNM2/ref=sr_1_274?keywords=feminine+wash&qid=1708004818&sr=8-274,"Feminine Cleansing Mousse, pH balanced 3.8, plant-based, lactic acid, vitamin b5, foam, feminine wash, daily use, for all genders, SLS/SLES-free, fragrance-free (50ml)",B0CC94VNM2,https://m.media-amazon.com/images/I/41Iv5J5ZWJL._AC_UL320_.jpg,2 sizes,True,Save more with Subscribe & Save$7.10,,169
https://www.amazon.com/Pixie-Menstrual-Cup-Gel-Wash-Cleaner-Soap/dp/B0BBWNKDD3/ref=sr_1_275?keywords=feminine+wash&qid=1708004818&sr=8-275,Menstrual Cup Wash - Best Formula to Wash Your Period Cups - Organic and Natural Ingredients & pH Balanced - Gel Cleaner - Sterilizer Soap for Menstrual Discs (6.8 Ounces),B0BBWNKDD3,https://m.media-amazon.com/images/I/71Wxzo0dL1L._AC_UL320_.jpg,2 sizes,True,$8.96 with Subscribe & Save discount$1.46,4.6 out of 5 stars,266
https://www.amazon.com/VeeFresh-VeeDaily-VeeGentle-Intimate-Sensitive/dp/B09BZ9CZP7/ref=sr_1_276?keywords=feminine+wash&qid=1708004818&sr=8-276,VeeFresh VeeDaily - VeeGentle Intimate Wash & VeeWipes ACV Sensitive Vee Bundle - Apple Cider Vinegar Infused Female Wipes for Women & Natural Feminine Wash for Sensitive Vees!,B09BZ9CZP7,https://m.media-amazon.com/images/I/81StE9uZikL._AC_UL320_.jpg,$19.99,False,($19.99$19.99/Count)$19.99,4.5 out of 5 stars,449
https://www.amazon.com/Convenience-Kits-International-Essentials-Featuring/dp/B0BFFX4XKC/ref=sr_1_277?keywords=feminine+wash&qid=1708004818&sr=8-277,Convenience Kits International Womenâs âOn-The-Goâ Feminine Care Travel Essentials Featuring: Popular Brands You Know and Trust,B0BFFX4XKC,https://m.media-amazon.com/images/I/81qtIYKccoL._AC_UL320_.jpg,$13.23,True,Save more with Subscribe & Save$13.23,4.7 out of 5 stars,10478
https://www.amazon.com/Essential-Vaginal-Eliminates-Feminine-Handmade/dp/B09YLYLCH1/ref=sr_1_278?keywords=feminine+wash&qid=1708004818&sr=8-278,"Yoni Soap Bars & Yoni Essential Oil Set Of 3, Vaginal Wash Eliminates Odor Ph Balance for Women, Feminine Wash Organic Handmade Vagina Soap with Foaming Net 3.53oz, Natural Feminine Oil 30ml/ 1fl.oz (3 PACK, PURPLE)",B09YLYLCH1,https://m.media-amazon.com/images/I/713peJ1mIlL._AC_UL320_.jpg,$16.99,True,Save more with Subscribe & Save$2.11,4.4 out of 5 stars,277
https://www.amazon.com/AH-YES-Feminine-pH-Balanced-Ingredients/dp/B085S6966M/ref=sr_1_279?keywords=feminine+wash&qid=1708004818&sr=8-279,"CLEANSE Gentle, Organic Foaming Feminine Wash- Rose, pH Matched Vaginal Wash for Women with Natural Ingredients, Banishes Odor, Soothes and Cleanses 5.1 Fl Oz",B085S6966M,https://m.media-amazon.com/images/I/514QGG223AL._AC_UL320_.jpg,2 scents,True,Save more with Subscribe & Save$13.99,4.0 out of 5 stars,60
https://www.amazon.com/Foaming-Cleanser-Wash-Women-Paraben-free/dp/B0B3M1HH4D/ref=sr_1_280?keywords=feminine+wash&qid=1708004818&sr=8-280,Foaming Cleanser Wash for Women - pH balanced 50ml/ 1.7 fl oz- Supports Vaginal Health & Maintains Vaginal Flora- Vegan Paraben-free - Feminine Health Foaming Cleanser,B0B3M1HH4D,https://m.media-amazon.com/images/I/418WTivHtcL._AC_UL320_.jpg,$9.99,True,Save more with Subscribe & Save$5.88,3.8 out of 5 stars,35
https://www.amazon.com/Oskinome-Vaginal-Moisturizer-Tightening-Feminine/dp/B0CC23K2NK/ref=sr_1_281?keywords=feminine+wash&qid=1708004818&sr=8-281,"Water Based Vaginal Moisturizer for Vaginal Dryness,Tightening Feminine Wash for Women Vaginal Wash - Clean, Remove Odor, pH Balance, 150ML (lavender)",B0CC23K2NK,https://m.media-amazon.com/images/I/41PoSNRyypL._AC_UL320_.jpg,$9.89,True,Save more with Subscribe & Save$9.89,3.5 out of 5 stars,2
https://www.amazon.com/intimate-wash-fresh-200-Lactacyd/dp/B01MTKZ231/ref=sr_1_282?keywords=feminine+wash&qid=1708004818&sr=8-282,intimate wash fresh 200 ml by Lactacyd,B01MTKZ231,https://m.media-amazon.com/images/I/51UboCiujoL._AC_UL320_.jpg,$15.99,True,($2.37$2.37/Fl Oz)$2.37,5.0 out of 5 stars,3
https://www.amazon.com/Fresca-Feminine-Hygiene-Wash-16oz/dp/B00L5KIGB4/ref=sr_1_283?keywords=feminine+wash&qid=1708004818&sr=8-283,Feminine Hygiene Wash 16 Ounce (473ml) (3 Pack),B00L5KIGB4,https://m.media-amazon.com/images/I/614YcGO04uL._AC_UL320_.jpg,$25.99,False,Typical:$0.54,4.5 out of 5 stars,28
https://www.amazon.com/Vagisil-Scentsitive-Feminine-Deodorant-Gynecologist/dp/B09Z1V4HKH/ref=sr_1_284?keywords=feminine+wash&qid=1708004818&sr=8-284,"Vagisil Scentsitive Scents Feminine Dry Wash Deodorant Spray for Women, Gynecologist Tested, Paraben Free, 2 Scent Bundle - White Jasmine, Peach Blossom (2.6 oz Each)",B09Z1V4HKH,https://m.media-amazon.com/images/I/71CDLSwc90L._AC_UL320_.jpg,$9.76,False,List:$13.58,4.6 out of 5 stars,178
https://www.amazon.com/HH-Extraction-Feminine-Herb-Health/dp/B082SGKHYP/ref=sr_1_285?keywords=feminine+wash&qid=1708004818&sr=8-285,Women pH Balance Feminine Wash - Natural Plant Essential Oil Moisturizer For Women Intimate Period Shower Postpartum,B082SGKHYP,https://m.media-amazon.com/images/I/71qULvWJQdS._AC_UL320_.jpg,$27.99,True,Save more with Subscribe & Save$4.14,4.0 out of 5 stars,9
https://www.amazon.com/Essential-Feminine-Moisturizing-Vaginial-Deodorants/dp/B0BTVCF57S/ref=sr_1_286?keywords=feminine+wash&qid=1708004818&sr=8-286,"Yoni Wash Yoni Soap for Women Yoni Essential Oil Set, 5.29oz Yoni Soap Bar, 2 * 30ml Feminine Oil, 6.7 fl.oz Feminine Wash, pH Balance Moisturizing Remove Odor Vaginial Deodorants, Lavender",B0BTVCF57S,https://m.media-amazon.com/images/I/71-Wait8bML._AC_UL320_.jpg,$18.99,True,Save more with Subscribe & Save$1.36,4.4 out of 5 stars,85
https://www.amazon.com/Numis-Med-Intimate-Wash-skin-soothing/dp/B092DQ93VX/ref=sr_1_287?keywords=feminine+wash&qid=1708004818&sr=8-287,"Intimate Wash pH 4.2, Skin-Soothing pH Balance Feminine Wash for Every Woman, Feminine Cleansing Wash for Sensitive Skin, 8.78 Ounces",B092DQ93VX,https://m.media-amazon.com/images/I/51-UkeM63yL._AC_UL320_.jpg,2 scents,False,,4.6 out of 5 stars,588
https://www.amazon.com/Summers-Eve-Cleansing-Ounce-Sensitive/dp/B0741HDJ7J/ref=sr_1_288?keywords=feminine+wash&qid=1708004818&sr=8-288,"Summer's Eve Aloe Love Gentle Daily Feminine Wash, Removes Odor, pH balanced, 15 fl oz. (Pack of 2)",B0741HDJ7J,https://m.media-amazon.com/images/I/51vSAqm2FYL._AC_UL320_.jpg,7 sizes,False,,4.3 out of 5 stars,76
https://www.amazon.com/ORGANYC-Organic-Feminine-Intimate-Wash/dp/B076TGG4NG/ref=sr_1_289?keywords=feminine+wash&qid=1708005142&sr=8-289,"ORGANYC Organic Feminine Intimate Wash, 8.5 oz (Pack of 3)",B076TGG4NG,https://m.media-amazon.com/images/I/51OeQAIYMQL._AC_UL320_.jpg,$31.59,False,($1.24$1.24/Fl Oz)$1.24,4.7 out of 5 stars,81
https://www.amazon.com/V-Goddess-Feminine-Unscented-Natural-Sensitive/dp/B0C395M4R7/ref=sr_1_290?keywords=feminine+wash&qid=1708005142&sr=8-290,"Feminine Wash, Unscented, All Natural 100% Vegan, Safe for Sensitive Skin (150 ml)",B0C395M4R7,https://m.media-amazon.com/images/I/41icP5gsV5L._AC_UL320_.jpg,$19.99,True,($3.94$3.94/Fl Oz)$3.94,,507
https://www.amazon.com/JilGyungYi-Cleansing-Feminine-cleanser-ingredients/dp/B09MVDPCL2/ref=sr_1_291?keywords=feminine+wash&qid=1708005142&sr=8-291,"[JilGyungYi] Period Cleansing Foam 5.29 fl.oz (150ml) _ Korea Feminine cleanser, intimate wash for during period with natural ingredients, period odor control, calm you skin from pad rash I Made in Korea, a country BTS is from",B09MVDPCL2,https://m.media-amazon.com/images/I/41wMXbM+UEL._AC_UL320_.jpg,$29.99,True,Save more with Subscribe & Save$5.66,5.0 out of 5 stars,1
https://www.amazon.com/Aromlife-Pineapple-Essential-Eliminates-ingredient/dp/B0C2CCGK5Q/ref=sr_1_292?keywords=feminine+wash&qid=1708005142&sr=8-292,"2 PCS Pineapple kojic Acid Soap Bar & Yoni Essential Oil Set, PH Balance and Wetness Eliminates Odor and Itching, Soothes for Women Feminine Wash Vaginial, Natural ingredient",B0C2CCGK5Q,https://m.media-amazon.com/images/I/71PW02sf4CL._AC_UL320_.jpg,$17.99,True,$17.09 with Subscribe & Save discount$17.99,4.2 out of 5 stars,22
https://www.amazon.com/Gynofit-Cleansing-Lotion-perfumed-irritation/dp/B07L6L9GZV/ref=sr_1_293?keywords=feminine+wash&qid=1708005142&sr=8-293,"Cleansing Lotion (perfumed) â Ensures balanced pH value for Vaginal Health â Protects the Vaginal Skin from drying out & prevents irritation â suitable for long-term, daily use (6.76 Fl Oz)",B07L6L9GZV,https://m.media-amazon.com/images/I/41pHUcOCWqL._AC_UL320_.jpg,2 scents,True,Save more with Subscribe & Save$2.22,4.6 out of 5 stars,44
https://www.amazon.com/Fivona-Natural-Purple-Soothing-Feminine/dp/B09S6KZSP8/ref=sr_1_294?keywords=feminine+wash&qid=1708005142&rdc=1&sr=8-294,Fivona Yoni Oil pH Balanced All-Natural for Feminine Soothing Care - Blend of Essential Oils - Moisturizing Recipe for Odor Control and Detox,B09S6KZSP8,https://m.media-amazon.com/images/I/712iRz4wrGL._AC_UL320_.jpg,$9.99,True,$8.99 with Subscribe & Save discount<label>Extra 10% off</label> when you subscribeExtra 10% off when you subscribe$9.89,4.4 out of 5 stars,239
https://www.amazon.com/Fresca-Feminine-Hygiene-Ounce-235ml/dp/B00L5L3T06/ref=sr_1_295?keywords=feminine+wash&qid=1708005142&sr=8-295,Feminine Hygiene Wash 8 Ounce (235ml) (3 Pack),B00L5L3T06,https://m.media-amazon.com/images/I/31fb5+9ws-L._AC_UL320_.jpg,$21.54,False,($0.90$0.90/Fl Oz)$0.90,4.8 out of 5 stars,4
https://www.amazon.com/Convenience-Kits-International-Essentials-Featuring/dp/B0BFFX4XKC/ref=sr_1_296?keywords=feminine+wash&qid=1708005142&sr=8-296,Convenience Kits International Womenâs âOn-The-Goâ Feminine Care Travel Essentials Featuring: Popular Brands You Know and Trust,B0BFFX4XKC,https://m.media-amazon.com/images/I/81qtIYKccoL._AC_UL320_.jpg,$13.23,True,Save more with Subscribe & Save$13.23,4.7 out of 5 stars,10478
https://www.amazon.com/Summers-Eve-Simply-Sensitive-Cleansing/dp/B00E4MO2FO/ref=sr_1_297_mod_primary_new?keywords=feminine+wash&qid=1708005142&sbo=RZvfv%2F%2FHxDF%2BO5021pAnSA%3D%3D&sr=8-297,Summer's Eve Simply Sensitive Cleansing Wash for Sensitive Skin 9 oz (Pack of 3),B00E4MO2FO,https://m.media-amazon.com/images/I/61vjXbHc3QL._AC_UL320_.jpg,$17.88,True,($0.66$0.66/Fl Oz)$0.66,5.0 out of 5 stars,3
https://www.amazon.com/oliversweet-Intimate-Cleanser-Sensitive-6-76fl-oz/dp/B0CC1DDNV1/ref=sr_1_298?keywords=feminine+wash&qid=1708005142&sr=8-298,"allongs Intimate Cleanser, 200ml Feminine Wash pH Balances Intimate Wash for Women Sensitive Skin Cleanser Feminine Care 6.76fl.oz",B0CC1DDNV1,https://m.media-amazon.com/images/I/41idBTglOdL._AC_UL320_.jpg,$19.99,True,$18.99 with Subscribe & Save discount$2.96,1.0 out of 5 stars,1
https://www.amazon.com/JilGyungYi-Intimate-Feminine-Cleansing-Balanced/dp/B087M3H2VZ/ref=sr_1_299?keywords=feminine+wash&qid=1708005142&sr=8-299,2X Inner Balance Intimate Feminine Cleansing Wash PH Balanced Odor Relief I Made in Korea,B087M3H2VZ,https://m.media-amazon.com/images/I/51BcsYnUG3L._AC_UL320_.jpg,$26.99,True,Save more with Subscribe & SaveSave 5% on 5 select item(s)$385.57,3.8 out of 5 stars,8
https://www.amazon.com/HH-Feminine-Soothing-Herb-Health/dp/B082RVWY93/ref=sr_1_300?keywords=feminine+wash&qid=1708005142&sr=8-300,Feminine Wash + Vaginal Deodorant Spray - Natural Essential Oil Scent HH Herb&Health-Fresh floral,B082RVWY93,https://m.media-amazon.com/images/I/71UsWI+gfIS._AC_UL320_.jpg,$44.99,True,Save more with Subscribe & Save$5.32,2.5 out of 5 stars,3
https://www.amazon.com/FIVONA-Feminine-Set-Yoni-Soap/dp/B0CDVRG1DY/ref=sr_1_301?keywords=feminine+wash&qid=1708005142&sr=8-301,FIVONA Feminine 2 in 1 Set of Yoni Oil with Yoni Soap Bar - pH Balanced Natural Oil Blend 30 ml with Organic Herbal Soap 5.3 oz - Wash and Hygiene Care Bundle for Women,B0CDVRG1DY,https://m.media-amazon.com/images/I/81dYzIsTnbL._AC_UL320_.jpg,$18.99,True,$17.09 with Subscribe & Save discount$18.99,4.6 out of 5 stars,83
https://www.amazon.com/Generic-Diced-Pineapple-Yoni-Wash/dp/B0CL2RRN1Z/ref=sr_1_302?keywords=feminine+wash&qid=1708005142&sr=8-302,Diced Pineapple Yoni Wash,B0CL2RRN1Z,https://m.media-amazon.com/images/I/81v+skzTGQL._AC_UL320_.jpg,$10.00,False,($10.00$10.00/Fl Oz)$10.00,2.6 out of 5 stars,3
https://www.amazon.com/Cleansing-Feminine-Bottles-Naturally-Gynecologist/dp/B01DT72LIE/ref=sr_1_303?keywords=feminine+wash&qid=1708005142&sr=8-303,"Summer's Eve Douche, Extra Cleansing Vinegar and Water, 4.5 Fl Oz, 4 Ct. (Pack of 3)",B01DT72LIE,https://m.media-amazon.com/images/I/81uQpQe9uLL._AC_UL320_.jpg,$13.17,True,($0.24$0.24/Fl Oz)$0.24,4.7 out of 5 stars,1815
https://www.amazon.com/Vagisil-Anti-Itch-Benzocaine-Gynecologist-Hypoallergenic/dp/B0CSCRPX1X/ref=sr_1_304?keywords=feminine+wash&qid=1708005142&sr=8-304,"Vagisil Maximum Strength Feminine Anti-Itch Cream with Benzocaine for Women & Feminine Wash for Intimate Area Hygiene, Odor Block, Gynecologist Tested, Hypoallergenic, 12 oz, (Pack of 1)",B0CSCRPX1X,https://m.media-amazon.com/images/I/51XA96x4dPL._AC_UL320_.jpg,2 sizes,False,List:$10.89,4.6 out of 5 stars,12222
https://www.amazon.com/Pack-Organic-Feminine-Women-Balance/dp/B0CPYRQNVP/ref=sr_1_305?keywords=feminine+wash&qid=1708005142&sr=8-305,"2 Pack Yoni Oil Organic Feminine Oil for Women pH Balance - Feminine Deodorant -Vaginal Moisturizer -Eliminates Odor with Rose Essential Oil, All Natural Yoni Essential Oil, 1 fl oz/pc",B0CPYRQNVP,https://m.media-amazon.com/images/I/71UHRCwDODL._AC_UL320_.jpg,$9.99,True,($9.99$9.99/Fl Oz)$9.99,4.7 out of 5 stars,7
https://www.amazon.com/Aromlife-Strawberry-Feminine-Essential-Moisturizer/dp/B0CJB8X25B/ref=sr_1_306?keywords=feminine+wash&qid=1708005142&sr=8-306,"Strawberry Feminine Oil Yoni Essential Oil 1.02 Fl Oz, for Women Ph Balance & Remove Odor, Vaginal Oil for Vaginal Moisturizer",B0CJB8X25B,https://m.media-amazon.com/images/I/71R+uQxbvPL._AC_UL320_.jpg,$14.99,True,Save more with Subscribe & Save$14.70,4.0 out of 5 stars,1
