url,name,asin,image,price,isPrime,offer,customerReview,customerReviewCount
https://www.amazon.com/sspa/click?ie=UTF8&spc=MToyMDY4MzM5MzU5Nzk3MDQ3OjE3MDgxMzM2MTQ6c3BfYXRmOjIwMDAzOTM4NzI1NzQ0MTo6MDo6&url=%2FAmazon-Basics-Hydration-3-54x3-3x10-7inch-Grey%2Fdp%2FB081BM2VKQ%2Fref%3Dsr_1_1%3Fdib%3DeyJ2IjoiMSJ9.JUfqKIV6BOW4Po_GzNnkF9j7GOOIYel0jSFNgEwYy8NjW-USPaumCvoFUkjmaQVOcCwluMBDagKyOSWtEgdrodGppZamY1I46cijD5LmBiPXnM6FpNybTHnIwoZbRbfssL4w5CHQywa6ZIoNiZGjCR90J7oiY2MZEljDasplCRyPmmQLA3jp904x8iSGDgTGOa0uXoA-82icGP59EM4HTh7yWoLvMZl-2CaPNbBihgm4UzXqqMCsffdIg3VGqUPHAZMFG9IZppS76-27YCoz8XHCJkyq3P1oj9rwbq9FvlA.-TxbFm3TvmgtzvXIE24ELBQAwSWyhLZi-w_IRknyyYk%26dib_tag%3Dse%26keywords%3Dwater%2Bflask%26qid%3D1708133614%26sr%3D8-1-spons%26sp_csd%3Dd2lkZ2V0TmFtZT1zcF9hdGY%26psc%3D1,"Amazon Basics Stainless Steel Insulated Water Bottle With Spout Lid, 30-Ounce, Gray",B081BM2VKQ,https://m.media-amazon.com/images/I/71t8zZuv+aL._AC_UL320_.jpg,$17.29,True,Typical:$0.58,4.4 out of 5 stars,3080
https://www.amazon.com/sspa/click?ie=UTF8&spc=MToyMDY4MzM5MzU5Nzk3MDQ3OjE3MDgxMzM2MTQ6c3BfYXRmOjMwMDA4ODQ4Nzg1MzkwMjo6MDo6&url=%2FRAYMYLO-Insulated-Stainless-BPA-Free-Paracord%2Fdp%2FB0BZZT6B84%2Fref%3Dsr_1_2%3Fdib%3DeyJ2IjoiMSJ9.JUfqKIV6BOW4Po_GzNnkF9j7GOOIYel0jSFNgEwYy8NjW-USPaumCvoFUkjmaQVOcCwluMBDagKyOSWtEgdrodGppZamY1I46cijD5LmBiPXnM6FpNybTHnIwoZbRbfssL4w5CHQywa6ZIoNiZGjCR90J7oiY2MZEljDasplCRyPmmQLA3jp904x8iSGDgTGOa0uXoA-82icGP59EM4HTh7yWoLvMZl-2CaPNbBihgm4UzXqqMCsffdIg3VGqUPHAZMFG9IZppS76-27YCoz8XHCJkyq3P1oj9rwbq9FvlA.-TxbFm3TvmgtzvXIE24ELBQAwSWyhLZi-w_IRknyyYk%26dib_tag%3Dse%26keywords%3Dwater%2Bflask%26qid%3D1708133614%26sr%3D8-2-spons%26sp_csd%3Dd2lkZ2V0TmFtZT1zcF9hdGY%26psc%3D1,"Insulated Water Bottle 64 oz, Triple Wall Vacuum Stainless Steel (Cold for 48 Hrs), Leak Proof & BPA-Free, Half Gallon Water Flask Jug with Paracord Handle & Straw Spout Lids",B0BZZT6B84,https://m.media-amazon.com/images/I/71vE0KfTNQL._AC_UL320_.jpg,$29.99,True,5% coupon applied at checkoutSave 5% with coupon,4.7 out of 5 stars,979
https://www.amazon.com/sspa/click?ie=UTF8&spc=MToyMDY4MzM5MzU5Nzk3MDQ3OjE3MDgxMzM2MTQ6c3BfYXRmOjMwMDA5NzU1MDg2MjcwMjo6MDo6&url=%2F64OZ-Stainless-Steel-Water-Bottles%2Fdp%2FB0BN4483S6%2Fref%3Dsr_1_3%3Fdib%3DeyJ2IjoiMSJ9.JUfqKIV6BOW4Po_GzNnkF9j7GOOIYel0jSFNgEwYy8NjW-USPaumCvoFUkjmaQVOcCwluMBDagKyOSWtEgdrodGppZamY1I46cijD5LmBiPXnM6FpNybTHnIwoZbRbfssL4w5CHQywa6ZIoNiZGjCR90J7oiY2MZEljDasplCRyPmmQLA3jp904x8iSGDgTGOa0uXoA-82icGP59EM4HTh7yWoLvMZl-2CaPNbBihgm4UzXqqMCsffdIg3VGqUPHAZMFG9IZppS76-27YCoz8XHCJkyq3P1oj9rwbq9FvlA.-TxbFm3TvmgtzvXIE24ELBQAwSWyhLZi-w_IRknyyYk%26dib_tag%3Dse%26keywords%3Dwater%2Bflask%26qid%3D1708133614%26sr%3D8-3-spons%26sp_csd%3Dd2lkZ2V0TmFtZT1zcF9hdGY%26psc%3D1,"64OZ Stainless Steel Water Bottles - Half Gallon Water Bottle with Straw Lids, Reusable Vacuum Insulated Water Jug w/ Carrier Bag, Leak Proof Metal Waterbottle for Sports Gym Workout Travel Hiking",B0BN4483S6,https://m.media-amazon.com/images/I/71O4tp8RpgL._AC_UL320_.jpg,$39.99,True,Join Prime to buy this item at $35.99,4.6 out of 5 stars,1342
https://www.amazon.com/sspa/click?ie=UTF8&spc=MToyMDY4MzM5MzU5Nzk3MDQ3OjE3MDgxMzM2MTQ6c3BfYXRmOjIwMDA2NzI5MzkwMDE1MTo6MDo6&url=%2FBottle-Coolflask-Insulated-Sweat-Proof-BPA-Free%2Fdp%2FB091DXH1J2%2Fref%3Dsr_1_4%3Fdib%3DeyJ2IjoiMSJ9.JUfqKIV6BOW4Po_GzNnkF9j7GOOIYel0jSFNgEwYy8NjW-USPaumCvoFUkjmaQVOcCwluMBDagKyOSWtEgdrodGppZamY1I46cijD5LmBiPXnM6FpNybTHnIwoZbRbfssL4w5CHQywa6ZIoNiZGjCR90J7oiY2MZEljDasplCRyPmmQLA3jp904x8iSGDgTGOa0uXoA-82icGP59EM4HTh7yWoLvMZl-2CaPNbBihgm4UzXqqMCsffdIg3VGqUPHAZMFG9IZppS76-27YCoz8XHCJkyq3P1oj9rwbq9FvlA.-TxbFm3TvmgtzvXIE24ELBQAwSWyhLZi-w_IRknyyYk%26dib_tag%3Dse%26keywords%3Dwater%2Bflask%26qid%3D1708133614%26sr%3D8-4-spons%26sp_csd%3Dd2lkZ2V0TmFtZT1zcF9hdGY%26psc%3D1,"64 oz Water Bottle Insulated with Straw & 3 Lids, Coolflask Large Metal Stainless Steel Water Jug Big Half Gallon Wide Mouth for Sports, Gym or Office, BPA-Free Keep Cold 48H Hot 24H, Magic Black",B091DXH1J2,https://m.media-amazon.com/images/I/71Ij8gStUVL._AC_UL320_.jpg,$33.99,True,15% coupon applied at checkoutSave 15% with coupon,4.7 out of 5 stars,7529
https://www.amazon.com/Iron-Flask-Sports-Water-Bottle/dp/B07N2F3JXP/ref=sr_1_5?dib=eyJ2IjoiMSJ9.JUfqKIV6BOW4Po_GzNnkF9j7GOOIYel0jSFNgEwYy8NjW-USPaumCvoFUkjmaQVOcCwluMBDagKyOSWtEgdrodGppZamY1I46cijD5LmBiPXnM6FpNybTHnIwoZbRbfssL4w5CHQywa6ZIoNiZGjCR90J7oiY2MZEljDasplCRyPmmQLA3jp904x8iSGDgTGOa0uXoA-82icGP59EM4HTh7yWoLvMZl-2CaPNbBihgm4UzXqqMCsffdIg3VGqUPHAZMFG9IZppS76-27YCoz8XHCJkyq3P1oj9rwbq9FvlA.-TxbFm3TvmgtzvXIE24ELBQAwSWyhLZi-w_IRknyyYk&dib_tag=se&keywords=water+flask&qid=1708133614&sr=8-5,"IRON FLASK Sports Water Bottle - 40 Oz 3 Lids (Straw Lid), Leak Proof - Stainless Steel Gym Bottles for Men, Women & Kids - Double Walled, Insulated Thermos - Valentines Day Gifts for Him or Her",B07N2F3JXP,https://m.media-amazon.com/images/I/616L47yQi5L._AC_UL320_.jpg,$28.95,True,"Buy 2, save 3%",4.8 out of 5 stars,134479
https://www.amazon.com/CIVAGO-Insulated-Bottle-Stainless-Midnight/dp/B09LLZNJYV/ref=sr_1_6?dib=eyJ2IjoiMSJ9.JUfqKIV6BOW4Po_GzNnkF9j7GOOIYel0jSFNgEwYy8NjW-USPaumCvoFUkjmaQVOcCwluMBDagKyOSWtEgdrodGppZamY1I46cijD5LmBiPXnM6FpNybTHnIwoZbRbfssL4w5CHQywa6ZIoNiZGjCR90J7oiY2MZEljDasplCRyPmmQLA3jp904x8iSGDgTGOa0uXoA-82icGP59EM4HTh7yWoLvMZl-2CaPNbBihgm4UzXqqMCsffdIg3VGqUPHAZMFG9IZppS76-27YCoz8XHCJkyq3P1oj9rwbq9FvlA.-TxbFm3TvmgtzvXIE24ELBQAwSWyhLZi-w_IRknyyYk&dib_tag=se&keywords=water+flask&qid=1708133614&sr=8-6,"CIVAGO 32 oz Insulated Water Bottle With Straw, Stainless Steel Sports Water Cup Flask with 3 Lids (Straw, Spout and Handle Lid), Wide Mouth Travel Thermal Mug, Black",B09LLZNJYV,https://m.media-amazon.com/images/I/61MUmfYez+L._AC_UL320_.jpg,$14.44,True,List:$22.99,4.6 out of 5 stars,4887
https://www.amazon.com/BJPKPK-Insulated-Bottles-Stainless-Paracord/dp/B09ZKSJ59Q/ref=sr_1_7?dib=eyJ2IjoiMSJ9.JUfqKIV6BOW4Po_GzNnkF9j7GOOIYel0jSFNgEwYy8NjW-USPaumCvoFUkjmaQVOcCwluMBDagKyOSWtEgdrodGppZamY1I46cijD5LmBiPXnM6FpNybTHnIwoZbRbfssL4w5CHQywa6ZIoNiZGjCR90J7oiY2MZEljDasplCRyPmmQLA3jp904x8iSGDgTGOa0uXoA-82icGP59EM4HTh7yWoLvMZl-2CaPNbBihgm4UzXqqMCsffdIg3VGqUPHAZMFG9IZppS76-27YCoz8XHCJkyq3P1oj9rwbq9FvlA.-TxbFm3TvmgtzvXIE24ELBQAwSWyhLZi-w_IRknyyYk&dib_tag=se&keywords=water+flask&qid=1708133614&sr=8-7,"BJPKPK Half Gallon Insulated Water Bottles with Straw Lid,64oz Large Water Bottle,Stainless Steel Water Bottles with 3 Lids and Paracord Handle, Water Bottle for Hot & Cold Liquid, Army Green",B09ZKSJ59Q,https://m.media-amazon.com/images/I/71siCdz4CJL._AC_UL320_.jpg,$21.80,True,List:$29.99,4.6 out of 5 stars,7604
https://www.amazon.com/sspa/click?ie=UTF8&spc=MTo1NDA2NDQ0OTU3MzM5MDQ3OjE3MDgxMzM2MTQ6c3Bfc2VhcmNoX3RoZW1hdGljOjMwMDA4ODQ4Nzg1MzkwMjo6MDo6&url=%2FRAYMYLO-Insulated-Stainless-BPA-Free-Paracord%2Fdp%2FB0BZZT6B84%2Fref%3Dsxin_12_pa_sp_search_thematic%3Fcontent-id%3Damzn1.sym.bb7ff370-0c07-41f7-b172-879ae394d746%253Aamzn1.sym.bb7ff370-0c07-41f7-b172-879ae394d746%26cv_ct_cx%3Dwater%2Bflask%26dib%3DeyJ2IjoiMSJ9.xrnseYJ-78fBW_Q8b2RJBXH2_42-17WOR_4sD6RGD5BrOImzUxrI056CPBiahTweJqvv3FXnEuNNgeLxmLPUcA.2mrd6-0kvbcebHRHhU-ZbdslWGDeF2EGfsgSfbh_Q00%26dib_tag%3Dse%26keywords%3Dwater%2Bflask%26pd_rd_i%3DB0BZZT6B84%26pd_rd_r%3Ddee3207c-86fa-4a9f-8c3e-81c74ce28824%26pd_rd_w%3DxFnNi%26pd_rd_wg%3Dclbsk%26pf_rd_p%3Dbb7ff370-0c07-41f7-b172-879ae394d746%26pf_rd_r%3DFRQXGHEV1KAZWK650ZJE%26qid%3D1708133614%26sbo%3DRZvfv%252F%252FHxDF%252BO5021pAnSA%253D%253D%26sr%3D1-1-22b99f6c-9d79-4634-962b-718698cdc411-spons%26sp_csd%3Dd2lkZ2V0TmFtZT1zcF9zZWFyY2hfdGhlbWF0aWM%26psc%3D1,"Insulated Water Bottle 64 oz, Triple Wall Vacuum Stainless Steel (Cold for 48 Hrs), Leak Proof & BPA-Free, Half Gallon Water Flask Jug with Paracord Handle & Straw Spout Lids",B0BZZT6B84,https://m.media-amazon.com/images/I/71vE0KfTNQL._AC_UL320_.jpg,$29.99,True,5% coupon applied at checkoutSave 5% with coupon,4.7 out of 5 stars,979
https://www.amazon.com/sspa/click?ie=UTF8&spc=MTo1NDA2NDQ0OTU3MzM5MDQ3OjE3MDgxMzM2MTQ6c3Bfc2VhcmNoX3RoZW1hdGljOjIwMDEwMjMyMjcwNDI5ODo6MTo6&url=%2FIRON-%25C2%25B0FLASK-Narrow-Sports-Bottle%2Fdp%2FB082H5DCJ9%2Fref%3Dsxin_12_pa_sp_search_thematic%3Fcontent-id%3Damzn1.sym.bb7ff370-0c07-41f7-b172-879ae394d746%253Aamzn1.sym.bb7ff370-0c07-41f7-b172-879ae394d746%26cv_ct_cx%3Dwater%2Bflask%26dib%3DeyJ2IjoiMSJ9.xrnseYJ-78fBW_Q8b2RJBXH2_42-17WOR_4sD6RGD5BrOImzUxrI056CPBiahTweJqvv3FXnEuNNgeLxmLPUcA.2mrd6-0kvbcebHRHhU-ZbdslWGDeF2EGfsgSfbh_Q00%26dib_tag%3Dse%26keywords%3Dwater%2Bflask%26pd_rd_i%3DB082H5DCJ9%26pd_rd_r%3Ddee3207c-86fa-4a9f-8c3e-81c74ce28824%26pd_rd_w%3DxFnNi%26pd_rd_wg%3Dclbsk%26pf_rd_p%3Dbb7ff370-0c07-41f7-b172-879ae394d746%26pf_rd_r%3DFRQXGHEV1KAZWK650ZJE%26qid%3D1708133614%26sbo%3DRZvfv%252F%252FHxDF%252BO5021pAnSA%253D%253D%26sr%3D1-2-22b99f6c-9d79-4634-962b-718698cdc411-spons%26sp_csd%3Dd2lkZ2V0TmFtZT1zcF9zZWFyY2hfdGhlbWF0aWM%26psc%3D1,IRON FLASK Sports Water Bottle - 24 Oz - 3 Lids (Narrow Straw Lid) - Leak Proof Vacuum Insulated Stainless Steel - Hot & Cold Double Walled Insulated Thermos - Valentines Day Gifts for Him or Her,B082H5DCJ9,https://m.media-amazon.com/images/I/716Tvd0eWWL._AC_UL320_.jpg,$26.95,True,,4.7 out of 5 stars,27421
https://www.amazon.com/sspa/click?ie=UTF8&spc=MTo1NDA2NDQ0OTU3MzM5MDQ3OjE3MDgxMzM2MTQ6c3Bfc2VhcmNoX3RoZW1hdGljOjMwMDA0MzQ3Njk0OTgwMjo6Mjo6&url=%2FIron-Flask-Sports-Water-Bottle%2Fdp%2FB07XCFX7S2%2Fref%3Dsxin_12_pa_sp_search_thematic%3Fcontent-id%3Damzn1.sym.bb7ff370-0c07-41f7-b172-879ae394d746%253Aamzn1.sym.bb7ff370-0c07-41f7-b172-879ae394d746%26cv_ct_cx%3Dwater%2Bflask%26dib%3DeyJ2IjoiMSJ9.xrnseYJ-78fBW_Q8b2RJBXH2_42-17WOR_4sD6RGD5BrOImzUxrI056CPBiahTweJqvv3FXnEuNNgeLxmLPUcA.2mrd6-0kvbcebHRHhU-ZbdslWGDeF2EGfsgSfbh_Q00%26dib_tag%3Dse%26keywords%3Dwater%2Bflask%26pd_rd_i%3DB07XCFX7S2%26pd_rd_r%3Ddee3207c-86fa-4a9f-8c3e-81c74ce28824%26pd_rd_w%3DxFnNi%26pd_rd_wg%3Dclbsk%26pf_rd_p%3Dbb7ff370-0c07-41f7-b172-879ae394d746%26pf_rd_r%3DFRQXGHEV1KAZWK650ZJE%26qid%3D1708133614%26sbo%3DTc8eqSFhUl4VwMzbE4fw%252Fw%253D%253D%26sr%3D1-3-22b99f6c-9d79-4634-962b-718698cdc411-spons%26sp_csd%3Dd2lkZ2V0TmFtZT1zcF9zZWFyY2hfdGhlbWF0aWM%26psc%3D1,"IRON FLASK Sports Water Bottle - 40 Oz 3 Lids (Straw Lid), Leak Proof - Stainless Steel Gym & Bottles for Men, Women & Kids - Double Walled, Insulated Thermos - Valentines Day Gifts for Him or Her",B07XCFX7S2,https://m.media-amazon.com/images/I/718ZELHPTFL._AC_UL320_.jpg,$23.16,True,"Buy 2, save 3%$28.95",4.8 out of 5 stars,134479
https://www.amazon.com/sspa/click?ie=UTF8&spc=MTo1NDA2NDQ0OTU3MzM5MDQ3OjE3MDgxMzM2MTQ6c3Bfc2VhcmNoX3RoZW1hdGljOjIwMDA2OTg4MDAxOTA2MTo6Mzo6&url=%2FBUZIO-Stainless-Insulated-Canteen-Carrying%2Fdp%2FB08C2MFYXR%2Fref%3Dsxin_12_pa_sp_search_thematic%3Fcontent-id%3Damzn1.sym.bb7ff370-0c07-41f7-b172-879ae394d746%253Aamzn1.sym.bb7ff370-0c07-41f7-b172-879ae394d746%26cv_ct_cx%3Dwater%2Bflask%26dib%3DeyJ2IjoiMSJ9.xrnseYJ-78fBW_Q8b2RJBXH2_42-17WOR_4sD6RGD5BrOImzUxrI056CPBiahTweJqvv3FXnEuNNgeLxmLPUcA.2mrd6-0kvbcebHRHhU-ZbdslWGDeF2EGfsgSfbh_Q00%26dib_tag%3Dse%26keywords%3Dwater%2Bflask%26pd_rd_i%3DB08C2MFYXR%26pd_rd_r%3Ddee3207c-86fa-4a9f-8c3e-81c74ce28824%26pd_rd_w%3DxFnNi%26pd_rd_wg%3Dclbsk%26pf_rd_p%3Dbb7ff370-0c07-41f7-b172-879ae394d746%26pf_rd_r%3DFRQXGHEV1KAZWK650ZJE%26qid%3D1708133614%26sbo%3DRZvfv%252F%252FHxDF%252BO5021pAnSA%253D%253D%26sr%3D1-4-22b99f6c-9d79-4634-962b-718698cdc411-spons%26sp_csd%3Dd2lkZ2V0TmFtZT1zcF9zZWFyY2hfdGhlbWF0aWM%26psc%3D1,"BUZIO 40oz Water Bottle, Stainless Steel Insulated Water Flask with Straw Lids, Canteen Metal Thermo Mug Hydro Cup Jug, Double Vacuum Hot Cold Water Bottles with Carrying Pouch, Indigo Black Gradient",B08C2MFYXR,https://m.media-amazon.com/images/I/7139pHyTfXL._AC_UL320_.jpg,$24.99,True,Join Prime to buy this item at $19.99$29.99,4.7 out of 5 stars,13842
https://www.amazon.com/sspa/click?ie=UTF8&spc=MTo1NDA2NDQ0OTU3MzM5MDQ3OjE3MDgxMzM2MTQ6c3Bfc2VhcmNoX3RoZW1hdGljOjIwMDE2MzI0NzQyMTg5ODo6NDo6&url=%2FIRON-%25C2%25B0FLASK-Insulated-Stainless-Standard%2Fdp%2FB08CL1H2VM%2Fref%3Dsxin_12_pa_sp_search_thematic%3Fcontent-id%3Damzn1.sym.bb7ff370-0c07-41f7-b172-879ae394d746%253Aamzn1.sym.bb7ff370-0c07-41f7-b172-879ae394d746%26cv_ct_cx%3Dwater%2Bflask%26dib%3DeyJ2IjoiMSJ9.xrnseYJ-78fBW_Q8b2RJBXH2_42-17WOR_4sD6RGD5BrOImzUxrI056CPBiahTweJqvv3FXnEuNNgeLxmLPUcA.2mrd6-0kvbcebHRHhU-ZbdslWGDeF2EGfsgSfbh_Q00%26dib_tag%3Dse%26keywords%3Dwater%2Bflask%26pd_rd_i%3DB08CL1H2VM%26pd_rd_r%3Ddee3207c-86fa-4a9f-8c3e-81c74ce28824%26pd_rd_w%3DxFnNi%26pd_rd_wg%3Dclbsk%26pf_rd_p%3Dbb7ff370-0c07-41f7-b172-879ae394d746%26pf_rd_r%3DFRQXGHEV1KAZWK650ZJE%26qid%3D1708133614%26sbo%3DRZvfv%252F%252FHxDF%252BO5021pAnSA%253D%253D%26sr%3D1-5-22b99f6c-9d79-4634-962b-718698cdc411-spons%26sp_csd%3Dd2lkZ2V0TmFtZT1zcF9zZWFyY2hfdGhlbWF0aWM%26psc%3D1,"IRON FLASK Sports Water Bottle - 24 Oz - 3 Lids (Narrow Spout Lid) Leak Proof, Durable Vacuum Insulated Stainless Steel - Hot & Cold Double Walled Insulated Thermos - Valentines Day Gifts - Him/Her",B08CL1H2VM,https://m.media-amazon.com/images/I/71gSrPgodpL._AC_UL320_.jpg,$24.95,True,,4.7 out of 5 stars,10600
https://www.amazon.com/Hydro-Flask-Water-Bottle-Stainless/dp/B07YXM6XTF/ref=sr_1_8?dib=eyJ2IjoiMSJ9.JUfqKIV6BOW4Po_GzNnkF9j7GOOIYel0jSFNgEwYy8NjW-USPaumCvoFUkjmaQVOcCwluMBDagKyOSWtEgdrodGppZamY1I46cijD5LmBiPXnM6FpNybTHnIwoZbRbfssL4w5CHQywa6ZIoNiZGjCR90J7oiY2MZEljDasplCRyPmmQLA3jp904x8iSGDgTGOa0uXoA-82icGP59EM4HTh7yWoLvMZl-2CaPNbBihgm4UzXqqMCsffdIg3VGqUPHAZMFG9IZppS76-27YCoz8XHCJkyq3P1oj9rwbq9FvlA.-TxbFm3TvmgtzvXIE24ELBQAwSWyhLZi-w_IRknyyYk&dib_tag=se&keywords=water+flask&qid=1708133614&sr=8-8,Hydro Flask Stainless Steel Wide Mouth Water Bottle with Flex Cap and Double-Wall Vacuum Insulation,B07YXM6XTF,https://m.media-amazon.com/images/I/6176qXxgtIL._AC_UL320_.jpg,$39.43,True,List:$44.95,4.8 out of 5 stars,27109
https://www.amazon.com/BJPKPK-Insulated-Bottles-Stainless-Reusable/dp/B0BWY5GY18/ref=sr_1_9?dib=eyJ2IjoiMSJ9.JUfqKIV6BOW4Po_GzNnkF9j7GOOIYel0jSFNgEwYy8NjW-USPaumCvoFUkjmaQVOcCwluMBDagKyOSWtEgdrodGppZamY1I46cijD5LmBiPXnM6FpNybTHnIwoZbRbfssL4w5CHQywa6ZIoNiZGjCR90J7oiY2MZEljDasplCRyPmmQLA3jp904x8iSGDgTGOa0uXoA-82icGP59EM4HTh7yWoLvMZl-2CaPNbBihgm4UzXqqMCsffdIg3VGqUPHAZMFG9IZppS76-27YCoz8XHCJkyq3P1oj9rwbq9FvlA.-TxbFm3TvmgtzvXIE24ELBQAwSWyhLZi-w_IRknyyYk&dib_tag=se&keywords=water+flask&qid=1708133614&sr=8-9,"BJPKPK Insulated Water Bottles, 18oz Stainless Steel Metal Water Bottle with Strap, BPA Free Leak Proof Thermos, Mugs, Flasks, Reusable Water Bottle for School, Sports & Travel, Navy Blue",B0BWY5GY18,https://m.media-amazon.com/images/I/71-L3I0LXML._AC_UL320_.jpg,$9.93,True,List:$13.99,4.6 out of 5 stars,912
https://www.amazon.com/IRON-%C2%B0FLASK-Narrow-Sports-Bottle/dp/B082H67MND/ref=sr_1_10?dib=eyJ2IjoiMSJ9.JUfqKIV6BOW4Po_GzNnkF9j7GOOIYel0jSFNgEwYy8NjW-USPaumCvoFUkjmaQVOcCwluMBDagKyOSWtEgdrodGppZamY1I46cijD5LmBiPXnM6FpNybTHnIwoZbRbfssL4w5CHQywa6ZIoNiZGjCR90J7oiY2MZEljDasplCRyPmmQLA3jp904x8iSGDgTGOa0uXoA-82icGP59EM4HTh7yWoLvMZl-2CaPNbBihgm4UzXqqMCsffdIg3VGqUPHAZMFG9IZppS76-27YCoz8XHCJkyq3P1oj9rwbq9FvlA.-TxbFm3TvmgtzvXIE24ELBQAwSWyhLZi-w_IRknyyYk&dib_tag=se&keywords=water+flask&qid=1708133614&sr=8-10,IRON FLASK Sports Water Bottle - 24 Oz - 3 Lids (Narrow Straw Lid) - Leak Proof Vacuum Insulated Stainless Steel - Hot & Cold Double Walled Insulated Thermos - Valentines Day Gifts for Him or Her,B082H67MND,https://m.media-amazon.com/images/I/71VLRoP+VFL._AC_UL320_.jpg,$26.95,True,,4.7 out of 5 stars,27421
https://www.amazon.com/sspa/click?ie=UTF8&spc=MToyMDY4MzM5MzU5Nzk3MDQ3OjE3MDgxMzM2MTQ6c3BfbXRmOjMwMDEwNDYwODgwODcwMjo6MDo6&url=%2FEnerbone-Leakproof-Drinking-Carrying-Pink-Green%2Fdp%2FB097SDFZTV%2Fref%3Dsr_1_11%3Fdib%3DeyJ2IjoiMSJ9.JUfqKIV6BOW4Po_GzNnkF9j7GOOIYel0jSFNgEwYy8NjW-USPaumCvoFUkjmaQVOcCwluMBDagKyOSWtEgdrodGppZamY1I46cijD5LmBiPXnM6FpNybTHnIwoZbRbfssL4w5CHQywa6ZIoNiZGjCR90J7oiY2MZEljDasplCRyPmmQLA3jp904x8iSGDgTGOa0uXoA-82icGP59EM4HTh7yWoLvMZl-2CaPNbBihgm4UzXqqMCsffdIg3VGqUPHAZMFG9IZppS76-27YCoz8XHCJkyq3P1oj9rwbq9FvlA.-TxbFm3TvmgtzvXIE24ELBQAwSWyhLZi-w_IRknyyYk%26dib_tag%3Dse%26keywords%3Dwater%2Bflask%26qid%3D1708133614%26sr%3D8-11-spons%26sp_csd%3Dd2lkZ2V0TmFtZT1zcF9tdGY%26psc%3D1,"Enerbone 32 oz Drinking Water Bottle with Times to Drink and Straw, Motivational with Carrying Strap, Leakproof BPA & Toxic Free, Ensure You Drink Enough Water for Fitness Gym Outdoor",B097SDFZTV,https://m.media-amazon.com/images/I/71K2Wz8gLDL._AC_UL320_.jpg,$9.99,True,List:$19.99,4.7 out of 5 stars,9177
https://www.amazon.com/sspa/click?ie=UTF8&spc=MToyMDY4MzM5MzU5Nzk3MDQ3OjE3MDgxMzM2MTQ6c3BfbXRmOjMwMDA3NDE2MTY1MTcwMjo6MDo6&url=%2FInsulated-Bottles-Stainless-Powder-Coated-Thermos%2Fdp%2FB0CFX8HW1C%2Fref%3Dsr_1_12%3Fdib%3DeyJ2IjoiMSJ9.JUfqKIV6BOW4Po_GzNnkF9j7GOOIYel0jSFNgEwYy8NjW-USPaumCvoFUkjmaQVOcCwluMBDagKyOSWtEgdrodGppZamY1I46cijD5LmBiPXnM6FpNybTHnIwoZbRbfssL4w5CHQywa6ZIoNiZGjCR90J7oiY2MZEljDasplCRyPmmQLA3jp904x8iSGDgTGOa0uXoA-82icGP59EM4HTh7yWoLvMZl-2CaPNbBihgm4UzXqqMCsffdIg3VGqUPHAZMFG9IZppS76-27YCoz8XHCJkyq3P1oj9rwbq9FvlA.-TxbFm3TvmgtzvXIE24ELBQAwSWyhLZi-w_IRknyyYk%26dib_tag%3Dse%26keywords%3Dwater%2Bflask%26qid%3D1708133614%26sr%3D8-12-spons%26sp_csd%3Dd2lkZ2V0TmFtZT1zcF9tdGY%26psc%3D1,"32oz/25oz Insulated Water Bottles with 2 Leak Proof Lids(Spout Lid and Straw Lid), Wide Mouth Sport Water Bottle with Straw, Stainless Steel Powder-Coated Water Flask, Double Walled Vacuum Thermos",B0CFX8HW1C,https://m.media-amazon.com/images/I/611PAuXF9nL._AC_UL320_.jpg,$12.99,True,Typical:$16.99,4.8 out of 5 stars,37
https://www.amazon.com/sspa/click?ie=UTF8&spc=MToyMDY4MzM5MzU5Nzk3MDQ3OjE3MDgxMzM2MTQ6c3BfbXRmOjMwMDA2NDQyMDIyMjIwMjo6MDo6&url=%2FHASLE-OUTFITTERS-Insulated-Stainless-Camping%2Fdp%2FB0C4T6HDTJ%2Fref%3Dsr_1_13%3Fdib%3DeyJ2IjoiMSJ9.JUfqKIV6BOW4Po_GzNnkF9j7GOOIYel0jSFNgEwYy8NjW-USPaumCvoFUkjmaQVOcCwluMBDagKyOSWtEgdrodGppZamY1I46cijD5LmBiPXnM6FpNybTHnIwoZbRbfssL4w5CHQywa6ZIoNiZGjCR90J7oiY2MZEljDasplCRyPmmQLA3jp904x8iSGDgTGOa0uXoA-82icGP59EM4HTh7yWoLvMZl-2CaPNbBihgm4UzXqqMCsffdIg3VGqUPHAZMFG9IZppS76-27YCoz8XHCJkyq3P1oj9rwbq9FvlA.-TxbFm3TvmgtzvXIE24ELBQAwSWyhLZi-w_IRknyyYk%26dib_tag%3Dse%26keywords%3Dwater%2Bflask%26qid%3D1708133614%26sr%3D8-13-spons%26sp_csd%3Dd2lkZ2V0TmFtZT1zcF9tdGY%26psc%3D1,"HASLE OUTFITTERS 32 oz Insulated Water Bottle Stainless Steel Double Walled Vacuum Sports Water Bottle with 2 Lids (Straw and Spout Lid) for Gym Camping Hiking(Black,4)",B0C4T6HDTJ,https://m.media-amazon.com/images/I/81TRy1d6RZL._AC_UL320_.jpg,9 sizes,True,10% coupon applied at checkoutSave 10% with coupon$37.99,4.6 out of 5 stars,782
https://www.amazon.com/sspa/click?ie=UTF8&spc=MToyMDY4MzM5MzU5Nzk3MDQ3OjE3MDgxMzM2MTQ6c3BfbXRmOjMwMDEyOTg3NjU0NzIwMjo6MDo6&url=%2FBottles-Motivational-Leakproof-Drinking-Pink-Blue%2Fdp%2FB09QS9R1NR%2Fref%3Dsr_1_14%3Fdib%3DeyJ2IjoiMSJ9.JUfqKIV6BOW4Po_GzNnkF9j7GOOIYel0jSFNgEwYy8NjW-USPaumCvoFUkjmaQVOcCwluMBDagKyOSWtEgdrodGppZamY1I46cijD5LmBiPXnM6FpNybTHnIwoZbRbfssL4w5CHQywa6ZIoNiZGjCR90J7oiY2MZEljDasplCRyPmmQLA3jp904x8iSGDgTGOa0uXoA-82icGP59EM4HTh7yWoLvMZl-2CaPNbBihgm4UzXqqMCsffdIg3VGqUPHAZMFG9IZppS76-27YCoz8XHCJkyq3P1oj9rwbq9FvlA.-TxbFm3TvmgtzvXIE24ELBQAwSWyhLZi-w_IRknyyYk%26dib_tag%3Dse%26keywords%3Dwater%2Bflask%26qid%3D1708133614%26sr%3D8-14-spons%26sp_csd%3Dd2lkZ2V0TmFtZT1zcF9tdGY%26psc%3D1,"Hyeta 32 oz Water Bottles with Times to Drink and Straw, Motivational Water Bottle with Time Marker, Leakproof & BPA Free, Drinking Sports Water Bottle for Fitness, Gym & Outdoor",B09QS9R1NR,https://m.media-amazon.com/images/I/61tjIfaikBL._AC_UL320_.jpg,$9.99,True,List:$19.99,4.7 out of 5 stars,7553
https://www.amazon.com/MOCHIC-CUP-Portable-Dishwasher-Children/dp/B07QGZ6RDY/ref=sr_1_15?dib=eyJ2IjoiMSJ9.JUfqKIV6BOW4Po_GzNnkF9j7GOOIYel0jSFNgEwYy8NjW-USPaumCvoFUkjmaQVOcCwluMBDagKyOSWtEgdrodGppZamY1I46cijD5LmBiPXnM6FpNybTHnIwoZbRbfssL4w5CHQywa6ZIoNiZGjCR90J7oiY2MZEljDasplCRyPmmQLA3jp904x8iSGDgTGOa0uXoA-82icGP59EM4HTh7yWoLvMZl-2CaPNbBihgm4UzXqqMCsffdIg3VGqUPHAZMFG9IZppS76-27YCoz8XHCJkyq3P1oj9rwbq9FvlA.-TxbFm3TvmgtzvXIE24ELBQAwSWyhLZi-w_IRknyyYk&dib_tag=se&keywords=water+flask&qid=1708133614&sr=8-15,MoChic Flat Water Bottle Travel Flask Portable Travel Mug BPA Free A5 Water Bottle for Sports Camping Gym Fitness Outdoor 13oz Fit in Any Bag,B07QGZ6RDY,https://m.media-amazon.com/images/I/61BKI1gPqGL._AC_UL320_.jpg,$24.99,True,$2.00 coupon applied at checkoutSave $2.00 with coupon (some sizes/colors)$26.99,4.5 out of 5 stars,2989
https://www.amazon.com/ICEWATER-40-Insulated-Bottle-Stainless-BPA-Free/dp/B0BGH8J7ZV/ref=sr_1_16?dib=eyJ2IjoiMSJ9.JUfqKIV6BOW4Po_GzNnkF9j7GOOIYel0jSFNgEwYy8NjW-USPaumCvoFUkjmaQVOcCwluMBDagKyOSWtEgdrodGppZamY1I46cijD5LmBiPXnM6FpNybTHnIwoZbRbfssL4w5CHQywa6ZIoNiZGjCR90J7oiY2MZEljDasplCRyPmmQLA3jp904x8iSGDgTGOa0uXoA-82icGP59EM4HTh7yWoLvMZl-2CaPNbBihgm4UzXqqMCsffdIg3VGqUPHAZMFG9IZppS76-27YCoz8XHCJkyq3P1oj9rwbq9FvlA.-TxbFm3TvmgtzvXIE24ELBQAwSWyhLZi-w_IRknyyYk&dib_tag=se&keywords=water+flask&qid=1708133614&sr=8-16,"ICEWATER - 40 oz Insulated Water Bottle With Auto Straw Lid and Carry Handle, Leakproof Lockable Lid with Soft Silicone Spout, One-hand Operation, Vacuum Stainless Steel, BPA-Free (40 oz, Black)",B0BGH8J7ZV,https://m.media-amazon.com/images/I/71yETl9uDtL._AC_UL320_.jpg,$12.99,True,,4.4 out of 5 stars,4822
https://www.amazon.com/Simple-Modern-Insulated-Summit-Collection/dp/B0B29MFN94/ref=sr_1_17?dib=eyJ2IjoiMSJ9.JUfqKIV6BOW4Po_GzNnkF9j7GOOIYel0jSFNgEwYy8NjW-USPaumCvoFUkjmaQVOcCwluMBDagKyOSWtEgdrodGppZamY1I46cijD5LmBiPXnM6FpNybTHnIwoZbRbfssL4w5CHQywa6ZIoNiZGjCR90J7oiY2MZEljDasplCRyPmmQLA3jp904x8iSGDgTGOa0uXoA-82icGP59EM4HTh7yWoLvMZl-2CaPNbBihgm4UzXqqMCsffdIg3VGqUPHAZMFG9IZppS76-27YCoz8XHCJkyq3P1oj9rwbq9FvlA.-TxbFm3TvmgtzvXIE24ELBQAwSWyhLZi-w_IRknyyYk&dib_tag=se&keywords=water+flask&qid=1708133614&sr=8-17,"Simple Modern Water Bottle with Straw and Chug Lid Vacuum Insulated Stainless Steel Metal Thermos Bottles | Reusable Leak Proof BPA-Free Flask for Sports | Summit Collection | 32oz, Almond Birch",B0B29MFN94,https://m.media-amazon.com/images/I/61dG3wpqiKL._AC_UL320_.jpg,$24.99,True,,4.7 out of 5 stars,11188
https://www.amazon.com/Owala-Insulated-Stainless-Steel-Push-Button-Marshmallow/dp/B085DVNHHK/ref=sr_1_18?dib=eyJ2IjoiMSJ9.JUfqKIV6BOW4Po_GzNnkF9j7GOOIYel0jSFNgEwYy8NjW-USPaumCvoFUkjmaQVOcCwluMBDagKyOSWtEgdrodGppZamY1I46cijD5LmBiPXnM6FpNybTHnIwoZbRbfssL4w5CHQywa6ZIoNiZGjCR90J7oiY2MZEljDasplCRyPmmQLA3jp904x8iSGDgTGOa0uXoA-82icGP59EM4HTh7yWoLvMZl-2CaPNbBihgm4UzXqqMCsffdIg3VGqUPHAZMFG9IZppS76-27YCoz8XHCJkyq3P1oj9rwbq9FvlA.-TxbFm3TvmgtzvXIE24ELBQAwSWyhLZi-w_IRknyyYk&dib_tag=se&keywords=water+flask&qid=1708133614&sr=8-18,"Owala FreeSip Insulated Stainless Steel Water Bottle with Straw, BPA-Free Sports Water Bottle, Great for Travel, 32 Oz, Shy Marshmallow",B085DVNHHK,https://m.media-amazon.com/images/I/71XJK6bWJKL._AC_UL320_.jpg,$32.00,True,,4.8 out of 5 stars,32611
https://www.amazon.com/sspa/click?ie=UTF8&spc=MToyMDY4MzM5MzU5Nzk3MDQ3OjE3MDgxMzM2MTQ6c3BfbXRmOjMwMDA0MzUyMDAzNzgwMjo6MDo6&url=%2FIRON-%25C2%25B0FLASK-Sports-Water-Bottle%2Fdp%2FB0B6MP2JWV%2Fref%3Dsr_1_19%3Fdib%3DeyJ2IjoiMSJ9.JUfqKIV6BOW4Po_GzNnkF9j7GOOIYel0jSFNgEwYy8NjW-USPaumCvoFUkjmaQVOcCwluMBDagKyOSWtEgdrodGppZamY1I46cijD5LmBiPXnM6FpNybTHnIwoZbRbfssL4w5CHQywa6ZIoNiZGjCR90J7oiY2MZEljDasplCRyPmmQLA3jp904x8iSGDgTGOa0uXoA-82icGP59EM4HTh7yWoLvMZl-2CaPNbBihgm4UzXqqMCsffdIg3VGqUPHAZMFG9IZppS76-27YCoz8XHCJkyq3P1oj9rwbq9FvlA.-TxbFm3TvmgtzvXIE24ELBQAwSWyhLZi-w_IRknyyYk%26dib_tag%3Dse%26keywords%3Dwater%2Bflask%26qid%3D1708133614%26sr%3D8-19-spons%26sp_csd%3Dd2lkZ2V0TmFtZT1zcF9tdGY%26psc%3D1,"IRON Â°FLASK Sports Water Bottle - 32 Oz, 3 Lids (Straw Lid), Leak Proof, Vacuum Insulated Stainless Steel, Hot Cold, Double Walled, Thermo Mug, Standard Metal Canteen",B0B6MP2JWV,https://m.media-amazon.com/images/I/61Jmxh5IxJL._AC_UL320_.jpg,$28.95,True,,4.7 out of 5 stars,27421
https://www.amazon.com/sspa/click?ie=UTF8&spc=MToyMDY4MzM5MzU5Nzk3MDQ3OjE3MDgxMzM2MTQ6c3BfbXRmOjMwMDExOTIwNDQwMzUwMjo6MDo6&url=%2FShaker-Bottle-Purple-Orange-Protein%2Fdp%2FB0CQJG13JW%2Fref%3Dsr_1_20%3Fdib%3DeyJ2IjoiMSJ9.JUfqKIV6BOW4Po_GzNnkF9j7GOOIYel0jSFNgEwYy8NjW-USPaumCvoFUkjmaQVOcCwluMBDagKyOSWtEgdrodGppZamY1I46cijD5LmBiPXnM6FpNybTHnIwoZbRbfssL4w5CHQywa6ZIoNiZGjCR90J7oiY2MZEljDasplCRyPmmQLA3jp904x8iSGDgTGOa0uXoA-82icGP59EM4HTh7yWoLvMZl-2CaPNbBihgm4UzXqqMCsffdIg3VGqUPHAZMFG9IZppS76-27YCoz8XHCJkyq3P1oj9rwbq9FvlA.-TxbFm3TvmgtzvXIE24ELBQAwSWyhLZi-w_IRknyyYk%26dib_tag%3Dse%26keywords%3Dwater%2Bflask%26qid%3D1708133614%26sr%3D8-20-spons%26sp_csd%3Dd2lkZ2V0TmFtZT1zcF9tdGY%26psc%3D1,"Shaker Bottle 8 Color Pack (Pink,Green,Purple,Black,White,Red,Blue,Orange) w. Scale 12oz & 400ml for Protein Drink Mix - BPA Free,Classic Loop,Dishwasher Safe,Leak Proof,Stainless Whisk Blender Ball",B0CQJG13JW,https://m.media-amazon.com/images/I/71G-TiHZUZL._AC_UL320_.jpg,$49.99,False,,4.3 out of 5 stars,1383
https://www.amazon.com/sspa/click?ie=UTF8&spc=MToyMDY4MzM5MzU5Nzk3MDQ3OjE3MDgxMzM2MTQ6c3BfbXRmOjMwMDEyODg2MDYwMTcwMjo6MDo6&url=%2FRRYFOUR-Insulated-Water-Bottle-Straw%2Fdp%2FB0C1GM2BX3%2Fref%3Dsr_1_21%3Fdib%3DeyJ2IjoiMSJ9.JUfqKIV6BOW4Po_GzNnkF9j7GOOIYel0jSFNgEwYy8NjW-USPaumCvoFUkjmaQVOcCwluMBDagKyOSWtEgdrodGppZamY1I46cijD5LmBiPXnM6FpNybTHnIwoZbRbfssL4w5CHQywa6ZIoNiZGjCR90J7oiY2MZEljDasplCRyPmmQLA3jp904x8iSGDgTGOa0uXoA-82icGP59EM4HTh7yWoLvMZl-2CaPNbBihgm4UzXqqMCsffdIg3VGqUPHAZMFG9IZppS76-27YCoz8XHCJkyq3P1oj9rwbq9FvlA.-TxbFm3TvmgtzvXIE24ELBQAwSWyhLZi-w_IRknyyYk%26dib_tag%3Dse%26keywords%3Dwater%2Bflask%26qid%3D1708133614%26sr%3D8-21-spons%26sp_csd%3Dd2lkZ2V0TmFtZT1zcF9tdGY%26psc%3D1,"40 oz Insulated Water Bottle with Straw - Flex Cap Lids, Paracord Handle, Bottle Carrier Bag w/Strap, Vacuum Stainless Steel Water Bottles, Double Wall Flask Metal Water Flask Jug",B0C1GM2BX3,https://m.media-amazon.com/images/I/719m2g953xL._AC_UL320_.jpg,$31.99,True,Join Prime to buy this item at $27.99,4.8 out of 5 stars,232
https://www.amazon.com/sspa/click?ie=UTF8&spc=MToyMDY4MzM5MzU5Nzk3MDQ3OjE3MDgxMzM2MTQ6c3BfbXRmOjMwMDEyNDY5Nzc1MzUwMjo6MDo6&url=%2FFLPSDE-Chamber-Insulated-Stainless-Adventure%2Fdp%2FB07MVQLLDQ%2Fref%3Dsr_1_22%3Fdib%3DeyJ2IjoiMSJ9.JUfqKIV6BOW4Po_GzNnkF9j7GOOIYel0jSFNgEwYy8NjW-USPaumCvoFUkjmaQVOcCwluMBDagKyOSWtEgdrodGppZamY1I46cijD5LmBiPXnM6FpNybTHnIwoZbRbfssL4w5CHQywa6ZIoNiZGjCR90J7oiY2MZEljDasplCRyPmmQLA3jp904x8iSGDgTGOa0uXoA-82icGP59EM4HTh7yWoLvMZl-2CaPNbBihgm4UzXqqMCsffdIg3VGqUPHAZMFG9IZppS76-27YCoz8XHCJkyq3P1oj9rwbq9FvlA.-TxbFm3TvmgtzvXIE24ELBQAwSWyhLZi-w_IRknyyYk%26dib_tag%3Dse%26keywords%3Dwater%2Bflask%26qid%3D1708133614%26sr%3D8-22-spons%26sp_csd%3Dd2lkZ2V0TmFtZT1zcF9tdGY%26psc%3D1,"Water Bottle with Snack Compartment, Drink & Snack Cup Combo, 20oz Stainless Steel Water Bottle with 7oz Snack Container, Snack Storage, Dual Chamber Water Bottle",B07MVQLLDQ,https://m.media-amazon.com/images/I/51toYOypdML._AC_UL320_.jpg,$34.99,True,,4.2 out of 5 stars,278
https://www.amazon.com/Hydro-Flask-Wide-Straw-Agave/dp/B0BTG5BR7P/ref=sr_1_23?dib=eyJ2IjoiMSJ9.JUfqKIV6BOW4Po_GzNnkF9j7GOOIYel0jSFNgEwYy8NjW-USPaumCvoFUkjmaQVOcCwluMBDagKyOSWtEgdrodGppZamY1I46cijD5LmBiPXnM6FpNybTHnIwoZbRbfssL4w5CHQywa6ZIoNiZGjCR90J7oiY2MZEljDasplCRyPmmQLA3jp904x8iSGDgTGOa0uXoA-82icGP59EM4HTh7yWoLvMZl-2CaPNbBihgm4UzXqqMCsffdIg3VGqUPHAZMFG9IZppS76-27YCoz8XHCJkyq3P1oj9rwbq9FvlA.-TxbFm3TvmgtzvXIE24ELBQAwSWyhLZi-w_IRknyyYk&dib_tag=se&keywords=water+flask&qid=1708133614&sr=8-23,Hydro Flask Stainless Steel Wide Mouth Water Bottle with Flex Straw Lid and Double-Wall Vacuum Insulation,B0BTG5BR7P,https://m.media-amazon.com/images/I/51okdFTE-sL._AC_UL320_.jpg,$39.95,True,Typical:$44.95,4.7 out of 5 stars,3311
https://www.amazon.com/IRON-%C2%B0FLASK-Sports-Water-Bottle/dp/B07TH7G75W/ref=sr_1_24?dib=eyJ2IjoiMSJ9.JUfqKIV6BOW4Po_GzNnkF9j7GOOIYel0jSFNgEwYy8NjW-USPaumCvoFUkjmaQVOcCwluMBDagKyOSWtEgdrodGppZamY1I46cijD5LmBiPXnM6FpNybTHnIwoZbRbfssL4w5CHQywa6ZIoNiZGjCR90J7oiY2MZEljDasplCRyPmmQLA3jp904x8iSGDgTGOa0uXoA-82icGP59EM4HTh7yWoLvMZl-2CaPNbBihgm4UzXqqMCsffdIg3VGqUPHAZMFG9IZppS76-27YCoz8XHCJkyq3P1oj9rwbq9FvlA.-TxbFm3TvmgtzvXIE24ELBQAwSWyhLZi-w_IRknyyYk&dib_tag=se&keywords=water+flask&qid=1708133614&sr=8-24,"IRON FLASK Sports Water Bottle - 40 Oz 3 Lids (Wide Spout Lid), Leak Proof - Stainless Steel Gym & Sport Bottles for Men, Women & Kids - Double Walled, Insulated Thermos, Valentines Day Gifts Him/Her",B07TH7G75W,https://m.media-amazon.com/images/I/61iEsHwKHVL._AC_UL320_.jpg,$30.95,True,,4.8 out of 5 stars,25660
https://www.amazon.com/Hydro-Flask-SYNCHKG099288-Standard-Bottle/dp/B01KXHIWL8/ref=sr_1_25?dib=eyJ2IjoiMSJ9.JUfqKIV6BOW4Po_GzNnkF9j7GOOIYel0jSFNgEwYy8NjW-USPaumCvoFUkjmaQVOcCwluMBDagKyOSWtEgdrodGppZamY1I46cijD5LmBiPXnM6FpNybTHnIwoZbRbfssL4w5CHQywa6ZIoNiZGjCR90J7oiY2MZEljDasplCRyPmmQLA3jp904x8iSGDgTGOa0uXoA-82icGP59EM4HTh7yWoLvMZl-2CaPNbBihgm4UzXqqMCsffdIg3VGqUPHAZMFG9IZppS76-27YCoz8XHCJkyq3P1oj9rwbq9FvlA.-TxbFm3TvmgtzvXIE24ELBQAwSWyhLZi-w_IRknyyYk&dib_tag=se&keywords=water+flask&qid=1708133614&sr=8-25,Hydro Flask Stainless Steel Standard Mouth Water Bottle with Flex Cap and Double-Wall Vacuum Insulation,B01KXHIWL8,https://m.media-amazon.com/images/I/615SPQb5swL._AC_UL320_.jpg,$34.95,True,,4.8 out of 5 stars,29441
https://www.amazon.com/Insulated-Bottles-Stainless-Powder-Coated-Thermos/dp/B0CFX8HW1C/ref=sr_1_26?dib=eyJ2IjoiMSJ9.JUfqKIV6BOW4Po_GzNnkF9j7GOOIYel0jSFNgEwYy8NjW-USPaumCvoFUkjmaQVOcCwluMBDagKyOSWtEgdrodGppZamY1I46cijD5LmBiPXnM6FpNybTHnIwoZbRbfssL4w5CHQywa6ZIoNiZGjCR90J7oiY2MZEljDasplCRyPmmQLA3jp904x8iSGDgTGOa0uXoA-82icGP59EM4HTh7yWoLvMZl-2CaPNbBihgm4UzXqqMCsffdIg3VGqUPHAZMFG9IZppS76-27YCoz8XHCJkyq3P1oj9rwbq9FvlA.-TxbFm3TvmgtzvXIE24ELBQAwSWyhLZi-w_IRknyyYk&dib_tag=se&keywords=water+flask&qid=1708133614&sr=8-26,"32oz/25oz Insulated Water Bottles with 2 Leak Proof Lids(Spout Lid and Straw Lid), Wide Mouth Sport Water Bottle with Straw, Stainless Steel Powder-Coated Water Flask, Double Walled Vacuum Thermos",B0CFX8HW1C,https://m.media-amazon.com/images/I/611PAuXF9nL._AC_UL320_.jpg,$12.99,True,Typical:$16.99,4.8 out of 5 stars,37
https://www.amazon.com/RAYMYLO-Insulated-Stainless-BPA-Free-Paracord/dp/B0BZZT6B84/ref=sr_1_27?dib=eyJ2IjoiMSJ9.JUfqKIV6BOW4Po_GzNnkF9j7GOOIYel0jSFNgEwYy8NjW-USPaumCvoFUkjmaQVOcCwluMBDagKyOSWtEgdrodGppZamY1I46cijD5LmBiPXnM6FpNybTHnIwoZbRbfssL4w5CHQywa6ZIoNiZGjCR90J7oiY2MZEljDasplCRyPmmQLA3jp904x8iSGDgTGOa0uXoA-82icGP59EM4HTh7yWoLvMZl-2CaPNbBihgm4UzXqqMCsffdIg3VGqUPHAZMFG9IZppS76-27YCoz8XHCJkyq3P1oj9rwbq9FvlA.-TxbFm3TvmgtzvXIE24ELBQAwSWyhLZi-w_IRknyyYk&dib_tag=se&keywords=water+flask&qid=1708133614&sr=8-27,"Insulated Water Bottle 64 oz, Triple Wall Vacuum Stainless Steel (Cold for 48 Hrs), Leak Proof & BPA-Free, Half Gallon Water Flask Jug with Paracord Handle & Straw Spout Lids",B0BZZT6B84,https://m.media-amazon.com/images/I/71vE0KfTNQL._AC_UL320_.jpg,$29.99,True,5% coupon applied at checkoutSave 5% with coupon,4.7 out of 5 stars,979
https://www.amazon.com/Nalgene-12-Oz-Flask-Red/dp/B001C1RQO4/ref=sr_1_28?dib=eyJ2IjoiMSJ9.JUfqKIV6BOW4Po_GzNnkF9j7GOOIYel0jSFNgEwYy8NjW-USPaumCvoFUkjmaQVOcCwluMBDagKyOSWtEgdrodGppZamY1I46cijD5LmBiPXnM6FpNybTHnIwoZbRbfssL4w5CHQywa6ZIoNiZGjCR90J7oiY2MZEljDasplCRyPmmQLA3jp904x8iSGDgTGOa0uXoA-82icGP59EM4HTh7yWoLvMZl-2CaPNbBihgm4UzXqqMCsffdIg3VGqUPHAZMFG9IZppS76-27YCoz8XHCJkyq3P1oj9rwbq9FvlA.-TxbFm3TvmgtzvXIE24ELBQAwSWyhLZi-w_IRknyyYk&dib_tag=se&keywords=water+flask&qid=1708133614&sr=8-28,"Nalgene Flask, 12 oz",B001C1RQO4,https://m.media-amazon.com/images/I/61Ina7L6QAL._AC_UL320_.jpg,$13.75,True,,4.3 out of 5 stars,953
https://www.amazon.com/Thermoflask-Double-Insulated-Stainless-Midnight/dp/B083G4MZPK/ref=sr_1_29?dib=eyJ2IjoiMSJ9.JUfqKIV6BOW4Po_GzNnkF9j7GOOIYel0jSFNgEwYy8NjW-USPaumCvoFUkjmaQVOcCwluMBDagKyOSWtEgdrodGppZamY1I46cijD5LmBiPXnM6FpNybTHnIwoZbRbfssL4w5CHQywa6ZIoNiZGjCR90J7oiY2MZEljDasplCRyPmmQLA3jp904x8iSGDgTGOa0uXoA-82icGP59EM4HTh7yWoLvMZl-2CaPNbBihgm4UzXqqMCsffdIg3VGqUPHAZMFG9IZppS76-27YCoz8XHCJkyq3P1oj9rwbq9FvlA.-TxbFm3TvmgtzvXIE24ELBQAwSWyhLZi-w_IRknyyYk&dib_tag=se&keywords=water+flask&qid=1708133614&sr=8-29,"ThermoFlask 40 oz Double Wall Vacuum Insulated Stainless Steel 2-Pack of Water Bottles, Midnight/Stone",B083G4MZPK,https://m.media-amazon.com/images/I/71sXU5qxfsL._AC_UL320_.jpg,$42.99,True,15% coupon applied at checkoutSave 15% with coupon$21.50,4.8 out of 5 stars,18017
https://www.amazon.com/Insulated-Stainless-Bottle-Sweat-proof-Beverages/dp/B0BK4WKPS3/ref=sr_1_30?dib=eyJ2IjoiMSJ9.JUfqKIV6BOW4Po_GzNnkF9j7GOOIYel0jSFNgEwYy8NjW-USPaumCvoFUkjmaQVOcCwluMBDagKyOSWtEgdrodGppZamY1I46cijD5LmBiPXnM6FpNybTHnIwoZbRbfssL4w5CHQywa6ZIoNiZGjCR90J7oiY2MZEljDasplCRyPmmQLA3jp904x8iSGDgTGOa0uXoA-82icGP59EM4HTh7yWoLvMZl-2CaPNbBihgm4UzXqqMCsffdIg3VGqUPHAZMFG9IZppS76-27YCoz8XHCJkyq3P1oj9rwbq9FvlA.-TxbFm3TvmgtzvXIE24ELBQAwSWyhLZi-w_IRknyyYk&dib_tag=se&keywords=water+flask&qid=1708133614&sr=8-30,"Water Bottle Insulated 32oz 40oz 64oz 128oz Straw Lid Spout Lid & 3 Lids, Leak Proof, Vacuum Insulated,Stainless Steel Water Bottle Wide Mouth for Sports, Gym or Office, BPA-Free Keep Cold 24H Hot 12H",B0BK4WKPS3,https://m.media-amazon.com/images/I/61HD8NAMZAL._AC_UL320_.jpg,$19.99,True,10% coupon applied at checkoutSave 10% with coupon (some sizes/colors),4.6 out of 5 stars,1298
https://www.amazon.com/BJPKPK-Insulated-Bottles-Stainless-School-Navy/dp/B096RV414K/ref=sr_1_31?dib=eyJ2IjoiMSJ9.JUfqKIV6BOW4Po_GzNnkF9j7GOOIYel0jSFNgEwYy8NjW-USPaumCvoFUkjmaQVOcCwluMBDagKyOSWtEgdrodGppZamY1I46cijD5LmBiPXnM6FpNybTHnIwoZbRbfssL4w5CHQywa6ZIoNiZGjCR90J7oiY2MZEljDasplCRyPmmQLA3jp904x8iSGDgTGOa0uXoA-82icGP59EM4HTh7yWoLvMZl-2CaPNbBihgm4UzXqqMCsffdIg3VGqUPHAZMFG9IZppS76-27YCoz8XHCJkyq3P1oj9rwbq9FvlA.-TxbFm3TvmgtzvXIE24ELBQAwSWyhLZi-w_IRknyyYk&dib_tag=se&keywords=water+flask&qid=1708133614&sr=8-31,"BJPKPK Insulated Water Bottles -17oz/500ml -Stainless Steel Water bottles,Sports water bottles Keep cold for 24 Hours and hot for 12 Hours,BPA Free kids water bottles for School-Navy blue",B096RV414K,https://m.media-amazon.com/images/I/81HYdFaXIoL._AC_UL320_.jpg,$9.09,True,List:$13.99,4.5 out of 5 stars,7518
https://www.amazon.com/Insulated-Paracord-Handles-Stainless-Thermal/dp/B0BXL3XXS4/ref=sr_1_32?dib=eyJ2IjoiMSJ9.JUfqKIV6BOW4Po_GzNnkF9j7GOOIYel0jSFNgEwYy8NjW-USPaumCvoFUkjmaQVOcCwluMBDagKyOSWtEgdrodGppZamY1I46cijD5LmBiPXnM6FpNybTHnIwoZbRbfssL4w5CHQywa6ZIoNiZGjCR90J7oiY2MZEljDasplCRyPmmQLA3jp904x8iSGDgTGOa0uXoA-82icGP59EM4HTh7yWoLvMZl-2CaPNbBihgm4UzXqqMCsffdIg3VGqUPHAZMFG9IZppS76-27YCoz8XHCJkyq3P1oj9rwbq9FvlA.-TxbFm3TvmgtzvXIE24ELBQAwSWyhLZi-w_IRknyyYk&dib_tag=se&keywords=water+flask&qid=1708133614&sr=8-32,"64 Oz Insulated Water Bottle With Straw & Paracord Handles & 2 Lids, Leak Proof Metal Water Jug, Hot Cold Stainless Steel Thermal Water Bottles, Half Gallon Large Water Flask for Sports, Gym",B0BXL3XXS4,https://m.media-amazon.com/images/I/61QYb-UUoOL._AC_UL320_.jpg,$32.99,True,Join Prime to buy this item at $26.39,4.7 out of 5 stars,1015
https://www.amazon.com/Zibtes-Insulated-Water-Bottle-Stainless/dp/B0BN43CC9Z/ref=sr_1_33?dib=eyJ2IjoiMSJ9.JUfqKIV6BOW4Po_GzNnkF9j7GOOIYel0jSFNgEwYy8NjW-USPaumCvoFUkjmaQVOcCwluMBDagKyOSWtEgdrodGppZamY1I46cijD5LmBiPXnM6FpNybTHnIwoZbRbfssL4w5CHQywa6ZIoNiZGjCR90J7oiY2MZEljDasplCRyPmmQLA3jp904x8iSGDgTGOa0uXoA-82icGP59EM4HTh7yWoLvMZl-2CaPNbBihgm4UzXqqMCsffdIg3VGqUPHAZMFG9IZppS76-27YCoz8XHCJkyq3P1oj9rwbq9FvlA.-TxbFm3TvmgtzvXIE24ELBQAwSWyhLZi-w_IRknyyYk&dib_tag=se&keywords=water+flask&qid=1708133614&sr=8-33,"Zibtes 40 oz Insulated Water Bottle With Straw,3 Lids(Flip, Spout and Handle Lid), Stainless Steel Leak Proof Sports Water Flask, Double Walled Vacuum Metal Water Bottle (Army Green)",B0BN43CC9Z,https://m.media-amazon.com/images/I/61bcn9QasTL._AC_UL320_.jpg,$16.99,True,15% coupon applied at checkoutSave 15% with coupon$0.42,4.5 out of 5 stars,962
https://www.amazon.com/Thermoflask-50050-Double-Insulated-Stainless/dp/B07F6XG3HZ/ref=sr_1_34?dib=eyJ2IjoiMSJ9.JUfqKIV6BOW4Po_GzNnkF9j7GOOIYel0jSFNgEwYy8NjW-USPaumCvoFUkjmaQVOcCwluMBDagKyOSWtEgdrodGppZamY1I46cijD5LmBiPXnM6FpNybTHnIwoZbRbfssL4w5CHQywa6ZIoNiZGjCR90J7oiY2MZEljDasplCRyPmmQLA3jp904x8iSGDgTGOa0uXoA-82icGP59EM4HTh7yWoLvMZl-2CaPNbBihgm4UzXqqMCsffdIg3VGqUPHAZMFG9IZppS76-27YCoz8XHCJkyq3P1oj9rwbq9FvlA.-TxbFm3TvmgtzvXIE24ELBQAwSWyhLZi-w_IRknyyYk&dib_tag=se&keywords=water+flask&qid=1708133614&sr=8-34,"ThermoFlask Double Wall Vacuum Insulated Stainless Steel Water Bottle with Two Lids, 24 Ounce, Black",B07F6XG3HZ,https://m.media-amazon.com/images/I/61nfrMp8M0L._AC_UL320_.jpg,$24.99,True,15% coupon applied at checkoutSave 15% with coupon,4.7 out of 5 stars,50685
https://www.amazon.com/BUZIO-Insulated-Stainless-Standard-Canteen/dp/B09658KJXL/ref=sr_1_35?dib=eyJ2IjoiMSJ9.JUfqKIV6BOW4Po_GzNnkF9j7GOOIYel0jSFNgEwYy8NjW-USPaumCvoFUkjmaQVOcCwluMBDagKyOSWtEgdrodGppZamY1I46cijD5LmBiPXnM6FpNybTHnIwoZbRbfssL4w5CHQywa6ZIoNiZGjCR90J7oiY2MZEljDasplCRyPmmQLA3jp904x8iSGDgTGOa0uXoA-82icGP59EM4HTh7yWoLvMZl-2CaPNbBihgm4UzXqqMCsffdIg3VGqUPHAZMFG9IZppS76-27YCoz8XHCJkyq3P1oj9rwbq9FvlA.-TxbFm3TvmgtzvXIE24ELBQAwSWyhLZi-w_IRknyyYk&dib_tag=se&keywords=water+flask&qid=1708133614&sr=8-35,"BUZIO Insulated Water Bottle 64 oz with Straw Lid (3 Lids), 64oz Stainless Steel Bottle Half Gallon Jug Flask, Double Wall Vacuum Sports Thermo Mug, Cold Hot Hydro Metal Canteen, Indigo Black",B09658KJXL,https://m.media-amazon.com/images/I/71-ILYE8zKL._AC_UL320_.jpg,$32.99,True,5% coupon applied at checkoutSave 5% with coupon$39.99,4.7 out of 5 stars,13842
https://www.amazon.com/Hydro-Flask-Travel-Coffee-Flex/dp/B07G39F6C5/ref=sr_1_36?dib=eyJ2IjoiMSJ9.JUfqKIV6BOW4Po_GzNnkF9j7GOOIYel0jSFNgEwYy8NjW-USPaumCvoFUkjmaQVOcCwluMBDagKyOSWtEgdrodGppZamY1I46cijD5LmBiPXnM6FpNybTHnIwoZbRbfssL4w5CHQywa6ZIoNiZGjCR90J7oiY2MZEljDasplCRyPmmQLA3jp904x8iSGDgTGOa0uXoA-82icGP59EM4HTh7yWoLvMZl-2CaPNbBihgm4UzXqqMCsffdIg3VGqUPHAZMFG9IZppS76-27YCoz8XHCJkyq3P1oj9rwbq9FvlA.-TxbFm3TvmgtzvXIE24ELBQAwSWyhLZi-w_IRknyyYk&dib_tag=se&keywords=water+flask&qid=1708133614&sr=8-36,"Hydro Flask Stainless Steel Wide Mouth Bottle with Flex Sip Lid and Double-Wall Vacuum Insulation for Coffee, Tea and Drinks",B07G39F6C5,https://m.media-amazon.com/images/I/51Z0HfVP7kL._AC_UL320_.jpg,$20.97,True,List:$32.95,4.6 out of 5 stars,8101
https://www.amazon.com/Gedux-Stainless-Insulated-Silicone-Cupholder/dp/B0CNPR9KTR/ref=sr_1_37?dib=eyJ2IjoiMSJ9.JUfqKIV6BOW4Po_GzNnkF9j7GOOIYel0jSFNgEwYy8NjW-USPaumCvoFUkjmaQVOcCwluMBDagKyOSWtEgdrodGppZamY1I46cijD5LmBiPXnM6FpNybTHnIwoZbRbfssL4w5CHQywa6ZIoNiZGjCR90J7oiY2MZEljDasplCRyPmmQLA3jp904x8iSGDgTGOa0uXoA-82icGP59EM4HTh7yWoLvMZl-2CaPNbBihgm4UzXqqMCsffdIg3VGqUPHAZMFG9IZppS76-27YCoz8XHCJkyq3P1oj9rwbq9FvlA.-TxbFm3TvmgtzvXIE24ELBQAwSWyhLZi-w_IRknyyYk&dib_tag=se&keywords=water+flask&qid=1708133614&sr=8-37,"32 oz Stainless Steel Tumbler with Handle and Straw, Vacuum Insulated Water Bottle with 2-in-1 Lid (Chug Lid/Straw Lid) and Silicone Boot, Cupholder Friendly Gifts for Women and Men",B0CNPR9KTR,https://m.media-amazon.com/images/I/61wywF7a3tL._AC_UL320_.jpg,$25.99,True,List:$49.99,4.7 out of 5 stars,28
https://www.amazon.com/IRON-%C2%B0FLASK-Narrow-Sports-Bottle/dp/B082SS5WXG/ref=sr_1_38?dib=eyJ2IjoiMSJ9.JUfqKIV6BOW4Po_GzNnkF9j7GOOIYel0jSFNgEwYy8NjW-USPaumCvoFUkjmaQVOcCwluMBDagKyOSWtEgdrodGppZamY1I46cijD5LmBiPXnM6FpNybTHnIwoZbRbfssL4w5CHQywa6ZIoNiZGjCR90J7oiY2MZEljDasplCRyPmmQLA3jp904x8iSGDgTGOa0uXoA-82icGP59EM4HTh7yWoLvMZl-2CaPNbBihgm4UzXqqMCsffdIg3VGqUPHAZMFG9IZppS76-27YCoz8XHCJkyq3P1oj9rwbq9FvlA.-TxbFm3TvmgtzvXIE24ELBQAwSWyhLZi-w_IRknyyYk&dib_tag=se&keywords=water+flask&qid=1708133614&sr=8-38,"IRON Â°FLASK Sports Water Bottle - 24 Oz - 3 Lids (Narrow Spout Lid) Leak Proof Vacuum Insulated Stainless Steel - Hot & Cold Double Walled Insulated Thermos, Durable Metal Canteen",B082SS5WXG,https://m.media-amazon.com/images/I/71VvlZSwWML._AC_UL320_.jpg,$24.95,True,,4.7 out of 5 stars,10600
https://www.amazon.com/CamelBak-12oz-Quick-Stow-Flask/dp/B07L4MDX3F/ref=sr_1_39?dib=eyJ2IjoiMSJ9.JUfqKIV6BOW4Po_GzNnkF9j7GOOIYel0jSFNgEwYy8NjW-USPaumCvoFUkjmaQVOcCwluMBDagKyOSWtEgdrodGppZamY1I46cijD5LmBiPXnM6FpNybTHnIwoZbRbfssL4w5CHQywa6ZIoNiZGjCR90J7oiY2MZEljDasplCRyPmmQLA3jp904x8iSGDgTGOa0uXoA-82icGP59EM4HTh7yWoLvMZl-2CaPNbBihgm4UzXqqMCsffdIg3VGqUPHAZMFG9IZppS76-27YCoz8XHCJkyq3P1oj9rwbq9FvlA.-TxbFm3TvmgtzvXIE24ELBQAwSWyhLZi-w_IRknyyYk&dib_tag=se&keywords=water+flask&qid=1708133614&sr=8-39,CamelBak Quick Stow Flask,B07L4MDX3F,https://m.media-amazon.com/images/I/61ad8VOWo7L._AC_UL320_.jpg,$20.00,True,,4.4 out of 5 stars,419
https://www.amazon.com/JoyJolt-Insulated-Stainless-BPA-Free-Leakproof/dp/B0BMZCP2N5/ref=sr_1_40?dib=eyJ2IjoiMSJ9.JUfqKIV6BOW4Po_GzNnkF9j7GOOIYel0jSFNgEwYy8NjW-USPaumCvoFUkjmaQVOcCwluMBDagKyOSWtEgdrodGppZamY1I46cijD5LmBiPXnM6FpNybTHnIwoZbRbfssL4w5CHQywa6ZIoNiZGjCR90J7oiY2MZEljDasplCRyPmmQLA3jp904x8iSGDgTGOa0uXoA-82icGP59EM4HTh7yWoLvMZl-2CaPNbBihgm4UzXqqMCsffdIg3VGqUPHAZMFG9IZppS76-27YCoz8XHCJkyq3P1oj9rwbq9FvlA.-TxbFm3TvmgtzvXIE24ELBQAwSWyhLZi-w_IRknyyYk&dib_tag=se&keywords=water+flask&qid=1708133614&sr=8-40,"JoyJolt Triple Insulated Water Bottle with Straw Lid AND Flip Lid! 32oz , 12 Hour Hot/Cold Vacuum Insulated Stainless Steel Large Bottle. BPA-Free Leakproof Thermos Water Bottles",B0BMZCP2N5,https://m.media-amazon.com/images/I/7171V8U5ngL._AC_UL320_.jpg,$19.16,True,List:$34.95,4.5 out of 5 stars,1782
https://www.amazon.com/Milton-Thermosteel-Flask-milliliters-Silver/dp/B00NIWHQVI/ref=sr_1_41?dib=eyJ2IjoiMSJ9.JUfqKIV6BOW4Po_GzNnkF9j7GOOIYel0jSFNgEwYy8NjW-USPaumCvoFUkjmaQVOcCwluMBDagKyOSWtEgdrodGppZamY1I46cijD5LmBiPXnM6FpNybTHnIwoZbRbfssL4w5CHQywa6ZIoNiZGjCR90J7oiY2MZEljDasplCRyPmmQLA3jp904x8iSGDgTGOa0uXoA-82icGP59EM4HTh7yWoLvMZl-2CaPNbBihgm4UzXqqMCsffdIg3VGqUPHAZMFG9IZppS76-27YCoz8XHCJkyq3P1oj9rwbq9FvlA.-TxbFm3TvmgtzvXIE24ELBQAwSWyhLZi-w_IRknyyYk&dib_tag=se&keywords=water+flask&qid=1708133614&sr=8-41,"Milton Thermosteel Flip Lid 500, Double Walled Vacuum Insulated Thermos 500 ml | 16 oz | 24 Hours Hot and Cold Water Bottle with Cover, Stainless Steel, BPA Free, Leak Proof | Silver",B00NIWHQVI,https://m.media-amazon.com/images/I/81p-bO+f1nL._AC_UL320_.jpg,$20.90,True,List:$21.99,4.3 out of 5 stars,140386
https://www.amazon.com/Bottle-Coolflask-Insulated-Sweat-Proof-BPA-Free/dp/B091DXH1J2/ref=sr_1_42?dib=eyJ2IjoiMSJ9.JUfqKIV6BOW4Po_GzNnkF9j7GOOIYel0jSFNgEwYy8NjW-USPaumCvoFUkjmaQVOcCwluMBDagKyOSWtEgdrodGppZamY1I46cijD5LmBiPXnM6FpNybTHnIwoZbRbfssL4w5CHQywa6ZIoNiZGjCR90J7oiY2MZEljDasplCRyPmmQLA3jp904x8iSGDgTGOa0uXoA-82icGP59EM4HTh7yWoLvMZl-2CaPNbBihgm4UzXqqMCsffdIg3VGqUPHAZMFG9IZppS76-27YCoz8XHCJkyq3P1oj9rwbq9FvlA.-TxbFm3TvmgtzvXIE24ELBQAwSWyhLZi-w_IRknyyYk&dib_tag=se&keywords=water+flask&qid=1708133614&sr=8-42,"64 oz Water Bottle Insulated with Straw & 3 Lids, Coolflask Large Metal Stainless Steel Water Jug Big Half Gallon Wide Mouth for Sports, Gym or Office, BPA-Free Keep Cold 48H Hot 24H, Magic Black",B091DXH1J2,https://m.media-amazon.com/images/I/71Ij8gStUVL._AC_UL320_.jpg,$33.99,True,15% coupon applied at checkoutSave 15% with coupon,4.7 out of 5 stars,7529
https://www.amazon.com/BUZIO-Insulated-Stainless-Outdoor-Cycling/dp/B07SMGMRC1/ref=sr_1_43?dib=eyJ2IjoiMSJ9.JUfqKIV6BOW4Po_GzNnkF9j7GOOIYel0jSFNgEwYy8NjW-USPaumCvoFUkjmaQVOcCwluMBDagKyOSWtEgdrodGppZamY1I46cijD5LmBiPXnM6FpNybTHnIwoZbRbfssL4w5CHQywa6ZIoNiZGjCR90J7oiY2MZEljDasplCRyPmmQLA3jp904x8iSGDgTGOa0uXoA-82icGP59EM4HTh7yWoLvMZl-2CaPNbBihgm4UzXqqMCsffdIg3VGqUPHAZMFG9IZppS76-27YCoz8XHCJkyq3P1oj9rwbq9FvlA.-TxbFm3TvmgtzvXIE24ELBQAwSWyhLZi-w_IRknyyYk&dib_tag=se&keywords=water+flask&qid=1708133614&sr=8-43,"BUZIO Vacuum Insulated Stainless Steel Water Bottle 64oz (Cold for 48 Hrs/Hot for 24 Hrs) BPA Free Double Wall Travel Mug/Flask for Outdoor Sports Hiking, Cycling, Camping, Running",B07SMGMRC1,https://m.media-amazon.com/images/I/718Tuo8O-XL._AC_UL320_.jpg,,False,,4.6 out of 5 stars,30088
https://www.amazon.com/Thermoflask-Stainless-Insulated-Bottles-Malachite/dp/B0CL1GJ7QS/ref=sr_1_44?dib=eyJ2IjoiMSJ9.JUfqKIV6BOW4Po_GzNnkF9j7GOOIYel0jSFNgEwYy8NjW-USPaumCvoFUkjmaQVOcCwluMBDagKyOSWtEgdrodGppZamY1I46cijD5LmBiPXnM6FpNybTHnIwoZbRbfssL4w5CHQywa6ZIoNiZGjCR90J7oiY2MZEljDasplCRyPmmQLA3jp904x8iSGDgTGOa0uXoA-82icGP59EM4HTh7yWoLvMZl-2CaPNbBihgm4UzXqqMCsffdIg3VGqUPHAZMFG9IZppS76-27YCoz8XHCJkyq3P1oj9rwbq9FvlA.-TxbFm3TvmgtzvXIE24ELBQAwSWyhLZi-w_IRknyyYk&dib_tag=se&keywords=water+flask&qid=1708133614&sr=8-44,"Thermoflask 24oz Stainless Steel Insulated Water Bottles with Straw and Spout Lids, 2-pack, Black/Malachite",B0CL1GJ7QS,https://m.media-amazon.com/images/I/71l2pJiggEL._AC_UL320_.jpg,$24.97,True,($12.49$12.49/Count)$12.49,4.7 out of 5 stars,15
https://www.amazon.com/Takeya-51162-Actives-Insulated-Stainless/dp/B07TCKGVS3/ref=sr_1_45?dib=eyJ2IjoiMSJ9.JUfqKIV6BOW4Po_GzNnkF9j7GOOIYel0jSFNgEwYy8NjW-USPaumCvoFUkjmaQVOcCwluMBDagKyOSWtEgdrodGppZamY1I46cijD5LmBiPXnM6FpNybTHnIwoZbRbfssL4w5CHQywa6ZIoNiZGjCR90J7oiY2MZEljDasplCRyPmmQLA3jp904x8iSGDgTGOa0uXoA-82icGP59EM4HTh7yWoLvMZl-2CaPNbBihgm4UzXqqMCsffdIg3VGqUPHAZMFG9IZppS76-27YCoz8XHCJkyq3P1oj9rwbq9FvlA.-TxbFm3TvmgtzvXIE24ELBQAwSWyhLZi-w_IRknyyYk&dib_tag=se&keywords=water+flask&qid=1708133614&sr=8-45,"Takeya Actives Insulated Stainless Steel Water Bottle with Spout Lid, 32 Ounce, Blush",B07TCKGVS3,https://m.media-amazon.com/images/I/51YZ2F1KWSL._AC_UL320_.jpg,$27.99,True,List:$39.99,4.8 out of 5 stars,26012
https://www.amazon.com/Hydration-Folding-Climbing-Rigorous-Activity/dp/B07KNDT5J7/ref=sr_1_46?dib=eyJ2IjoiMSJ9.JUfqKIV6BOW4Po_GzNnkF9j7GOOIYel0jSFNgEwYy8NjW-USPaumCvoFUkjmaQVOcCwluMBDagKyOSWtEgdrodGppZamY1I46cijD5LmBiPXnM6FpNybTHnIwoZbRbfssL4w5CHQywa6ZIoNiZGjCR90J7oiY2MZEljDasplCRyPmmQLA3jp904x8iSGDgTGOa0uXoA-82icGP59EM4HTh7yWoLvMZl-2CaPNbBihgm4UzXqqMCsffdIg3VGqUPHAZMFG9IZppS76-27YCoz8XHCJkyq3P1oj9rwbq9FvlA.-TxbFm3TvmgtzvXIE24ELBQAwSWyhLZi-w_IRknyyYk&dib_tag=se&keywords=water+flask&qid=1708133614&sr=8-46,"Soft Flask - 5 oz (150 ml)- Shrink As You Drink Pocket Soft Water Bottle for Hydration Pack/Running Vest- Folding Water Bottle for Running, Hiking, Cycling - Ski Water Bottles (FLASK150)",B07KNDT5J7,https://m.media-amazon.com/images/I/71CmX9UuO+L._AC_UL320_.jpg,8 sizes,True,List:$12.00,4.0 out of 5 stars,2102
https://www.amazon.com/GOPPUS-Insulated-Stainless-Leakproof-Resusable/dp/B0BXLG9WB4/ref=sr_1_47?dib=eyJ2IjoiMSJ9.JUfqKIV6BOW4Po_GzNnkF9j7GOOIYel0jSFNgEwYy8NjW-USPaumCvoFUkjmaQVOcCwluMBDagKyOSWtEgdrodGppZamY1I46cijD5LmBiPXnM6FpNybTHnIwoZbRbfssL4w5CHQywa6ZIoNiZGjCR90J7oiY2MZEljDasplCRyPmmQLA3jp904x8iSGDgTGOa0uXoA-82icGP59EM4HTh7yWoLvMZl-2CaPNbBihgm4UzXqqMCsffdIg3VGqUPHAZMFG9IZppS76-27YCoz8XHCJkyq3P1oj9rwbq9FvlA.-TxbFm3TvmgtzvXIE24ELBQAwSWyhLZi-w_IRknyyYk&dib_tag=se&keywords=water+flask&qid=1708133614&sr=8-47,GOPPUS 24 oz Insulated Double Wall Vacuum Water Bottle With Straw Stainless Steel Sports Water Cup Flask Leakproof Wide Mouth Resusable Water bottles for Kids Men Women,B0BXLG9WB4,https://m.media-amazon.com/images/I/71pDzhvWLgL._AC_UL320_.jpg,4 sizes,True,Typical:$12.59,4.6 out of 5 stars,292
https://www.amazon.com/Bottle-Insulated-Stainless-Canteen-Bottles/dp/B09NSKYWKQ/ref=sr_1_48?dib=eyJ2IjoiMSJ9.JUfqKIV6BOW4Po_GzNnkF9j7GOOIYel0jSFNgEwYy8NjW-USPaumCvoFUkjmaQVOcCwluMBDagKyOSWtEgdrodGppZamY1I46cijD5LmBiPXnM6FpNybTHnIwoZbRbfssL4w5CHQywa6ZIoNiZGjCR90J7oiY2MZEljDasplCRyPmmQLA3jp904x8iSGDgTGOa0uXoA-82icGP59EM4HTh7yWoLvMZl-2CaPNbBihgm4UzXqqMCsffdIg3VGqUPHAZMFG9IZppS76-27YCoz8XHCJkyq3P1oj9rwbq9FvlA.-TxbFm3TvmgtzvXIE24ELBQAwSWyhLZi-w_IRknyyYk&dib_tag=se&keywords=water+flask&qid=1708133614&sr=8-48,"18oz Water Bottle,Vacuum Insulated Stainless Steel Water Flask with Straw Lid Auto Spout Lid Sport Lid,Leak Proof,Double Walled Travel Drink Mug,Metal Canteen,Hot Cold Water Bottles",B09NSKYWKQ,https://m.media-amazon.com/images/I/51UMUOKFFdL._AC_UL320_.jpg,$18.99,True,Join Prime to buy this item at $16.14,4.7 out of 5 stars,2033
https://www.amazon.com/Hydro-Stainless-Steel-Water-Bottle/dp/B088GS3VMJ/ref=sr_1_49?dib=eyJ2IjoiMSJ9.JUfqKIV6BOW4Po_GzNnkF9j7GOOIYel0jSFNgEwYy8NjW-USPaumCvoFUkjmaQVOcCwluMBDagKyOSWtEgdrodGppZamY1I46cijD5LmBiPXnM6FpNybTHnIwoZbRbfssL4w5CHQywa6ZIoNiZGjCR90J7oiY2MZEljDasplCRyPmmQLA3jp904x8iSGDgTGOa0uXoA-82icGP59EM4HTh7yWoLvMZl-2CaPNbBihgm4UzXqqMCsffdIg3VGqUPHAZMFG9IZppS76-27YCoz8XHCJkyq3P1oj9rwbq9FvlA.-TxbFm3TvmgtzvXIE24ELBQAwSWyhLZi-w_IRknyyYk&dib_tag=se&keywords=water+flask&qid=1708133614&sr=8-49,HYDRO CELL Stainless Steel Insulated Water Bottle with Straw - For Cold & Hot Drinks - Metal Vacuum Flask with Screw Cap and Modern Leakproof Sport Thermos for Kids & Adults (Graphite 24oz),B088GS3VMJ,https://m.media-amazon.com/images/I/81rrnoYzYBL._AC_UL320_.jpg,$22.95,True,Join Prime to buy this item at $19.51,4.8 out of 5 stars,57617
https://www.amazon.com/Hydrapak-Mountain-Stow-500ml-17oz/dp/B0CSGCR7VF/ref=sr_1_50?dib=eyJ2IjoiMSJ9.JUfqKIV6BOW4Po_GzNnkF9j7GOOIYel0jSFNgEwYy8NjW-USPaumCvoFUkjmaQVOcCwluMBDagKyOSWtEgdrodGppZamY1I46cijD5LmBiPXnM6FpNybTHnIwoZbRbfssL4w5CHQywa6ZIoNiZGjCR90J7oiY2MZEljDasplCRyPmmQLA3jp904x8iSGDgTGOa0uXoA-82icGP59EM4HTh7yWoLvMZl-2CaPNbBihgm4UzXqqMCsffdIg3VGqUPHAZMFG9IZppS76-27YCoz8XHCJkyq3P1oj9rwbq9FvlA.-TxbFm3TvmgtzvXIE24ELBQAwSWyhLZi-w_IRknyyYk&dib_tag=se&keywords=water+flask&qid=1708133614&sr=8-50,"Hydrapak Mountain Stow (500ml, 17oz) - Collapsible Water Bottle - Ultralight & Packable Travel Bottle, Flexible Ski, Hike, Bike or Climb Squeeze Flask - Redwood Red",B0CSGCR7VF,https://m.media-amazon.com/images/I/71han4IiZEL._AC_UL320_.jpg,$16.00,True,,,100
https://www.amazon.com/vbv-Insulated-Water-Bottle-Stainless/dp/B0BBZYPS4J/ref=sr_1_51?dib=eyJ2IjoiMSJ9.JUfqKIV6BOW4Po_GzNnkF9j7GOOIYel0jSFNgEwYy8NjW-USPaumCvoFUkjmaQVOcCwluMBDagKyOSWtEgdrodGppZamY1I46cijD5LmBiPXnM6FpNybTHnIwoZbRbfssL4w5CHQywa6ZIoNiZGjCR90J7oiY2MZEljDasplCRyPmmQLA3jp904x8iSGDgTGOa0uXoA-82icGP59EM4HTh7yWoLvMZl-2CaPNbBihgm4UzXqqMCsffdIg3VGqUPHAZMFG9IZppS76-27YCoz8XHCJkyq3P1oj9rwbq9FvlA.-TxbFm3TvmgtzvXIE24ELBQAwSWyhLZi-w_IRknyyYk&dib_tag=se&keywords=water+flask&qid=1708133614&sr=8-51,"Insulated Water Bottle - 64 Oz, 3 Lids (Straw Lid), Half Gallon Large Metal Stainless Steel Water Jug, Big Double Wall Vacuum Flask, Leakproof Keep Cold & Hot for Sports and Travel",B0BBZYPS4J,https://m.media-amazon.com/images/I/61G4Vjp2JQL._AC_UL320_.jpg,,False,,4.6 out of 5 stars,842
https://www.amazon.com/Konokyo-Insulated-Bottles-Stainless-Marble-Midnight/dp/B0C3B63PXG/ref=sr_1_52?dib=eyJ2IjoiMSJ9.JUfqKIV6BOW4Po_GzNnkF9j7GOOIYel0jSFNgEwYy8NjW-USPaumCvoFUkjmaQVOcCwluMBDagKyOSWtEgdrodGppZamY1I46cijD5LmBiPXnM6FpNybTHnIwoZbRbfssL4w5CHQywa6ZIoNiZGjCR90J7oiY2MZEljDasplCRyPmmQLA3jp904x8iSGDgTGOa0uXoA-82icGP59EM4HTh7yWoLvMZl-2CaPNbBihgm4UzXqqMCsffdIg3VGqUPHAZMFG9IZppS76-27YCoz8XHCJkyq3P1oj9rwbq9FvlA.-TxbFm3TvmgtzvXIE24ELBQAwSWyhLZi-w_IRknyyYk&dib_tag=se&keywords=water+flask&qid=1708133614&sr=8-52,"Insulated Water Bottles,25oz Double Wall Stainless Steel Vacumm Metal Flask for Sports Travel,Marble-Midnight",B0C3B63PXG,https://m.media-amazon.com/images/I/61eeZRZ7roL._AC_UL320_.jpg,$8.59,True,List:$14.99,4.5 out of 5 stars,518
https://www.amazon.com/Hydrte-Travel-Bottle-Bottles-Ultimate/dp/B0CHYT2KTC/ref=sr_1_53?dib=eyJ2IjoiMSJ9.JUfqKIV6BOW4Po_GzNnkF9j7GOOIYel0jSFNgEwYy8NjW-USPaumCvoFUkjmaQVOcCwluMBDagKyOSWtEgdrodGppZamY1I46cijD5LmBiPXnM6FpNybTHnIwoZbRbfssL4w5CHQywa6ZIoNiZGjCR90J7oiY2MZEljDasplCRyPmmQLA3jp904x8iSGDgTGOa0uXoA-82icGP59EM4HTh7yWoLvMZl-2CaPNbBihgm4UzXqqMCsffdIg3VGqUPHAZMFG9IZppS76-27YCoz8XHCJkyq3P1oj9rwbq9FvlA.-TxbFm3TvmgtzvXIE24ELBQAwSWyhLZi-w_IRknyyYk&dib_tag=se&keywords=water+flask&qid=1708133614&sr=8-53,Travel Water Bottle | Flat Water Bottle With Strap | Leak Proof Slim Water Bottles For Travel | BPA Free Water Flask | Ultimate Square Water Bottle 18 oz (Slate Grey),B0CHYT2KTC,https://m.media-amazon.com/images/I/81ij6C9PdJL._AC_UL320_.jpg,$20.99,True,,4.7 out of 5 stars,34
https://www.amazon.com/Hydro-Flask-Mouth-Water-Bottle/dp/B083GBJ85R/ref=sr_1_54?dib=eyJ2IjoiMSJ9.JUfqKIV6BOW4Po_GzNnkF9j7GOOIYel0jSFNgEwYy8NjW-USPaumCvoFUkjmaQVOcCwluMBDagKyOSWtEgdrodGppZamY1I46cijD5LmBiPXnM6FpNybTHnIwoZbRbfssL4w5CHQywa6ZIoNiZGjCR90J7oiY2MZEljDasplCRyPmmQLA3jp904x8iSGDgTGOa0uXoA-82icGP59EM4HTh7yWoLvMZl-2CaPNbBihgm4UzXqqMCsffdIg3VGqUPHAZMFG9IZppS76-27YCoz8XHCJkyq3P1oj9rwbq9FvlA.-TxbFm3TvmgtzvXIE24ELBQAwSWyhLZi-w_IRknyyYk&dib_tag=se&keywords=water+flask&qid=1708133614&sr=8-54,Hydro Flask Wide Mouth Straw Lid,B083GBJ85R,https://m.media-amazon.com/images/I/31BqJ+CRe9L._AC_UL320_.jpg,$42.46,True,List:$49.95,4.8 out of 5 stars,25419
https://www.amazon.com/Hydro-Flask-Around-Travel-Tumbler/dp/B0C35373NZ/ref=sr_1_55?dib=eyJ2IjoiMSJ9.JUfqKIV6BOW4Po_GzNnkF9j7GOOIYel0jSFNgEwYy8NjW-USPaumCvoFUkjmaQVOcCwluMBDagKyOSWtEgdrodGppZamY1I46cijD5LmBiPXnM6FpNybTHnIwoZbRbfssL4w5CHQywa6ZIoNiZGjCR90J7oiY2MZEljDasplCRyPmmQLA3jp904x8iSGDgTGOa0uXoA-82icGP59EM4HTh7yWoLvMZl-2CaPNbBihgm4UzXqqMCsffdIg3VGqUPHAZMFG9IZppS76-27YCoz8XHCJkyq3P1oj9rwbq9FvlA.-TxbFm3TvmgtzvXIE24ELBQAwSWyhLZi-w_IRknyyYk&dib_tag=se&keywords=water+flask&qid=1708133614&sr=8-55,All Around Travel Tumbler with Handle Stainless Steel Double-Wall Vacuum Insulated,B0C35373NZ,https://m.media-amazon.com/images/I/61kDZPBdYoL._AC_UL320_.jpg,$34.95,True,,4.7 out of 5 stars,2771
https://www.amazon.com/Insulated-Stainless-Sweat-Proof-Leak-Proof-Outdoors/dp/B09V4YDQWG/ref=sr_1_56?dib=eyJ2IjoiMSJ9.JUfqKIV6BOW4Po_GzNnkF9j7GOOIYel0jSFNgEwYy8NjW-USPaumCvoFUkjmaQVOcCwluMBDagKyOSWtEgdrodGppZamY1I46cijD5LmBiPXnM6FpNybTHnIwoZbRbfssL4w5CHQywa6ZIoNiZGjCR90J7oiY2MZEljDasplCRyPmmQLA3jp904x8iSGDgTGOa0uXoA-82icGP59EM4HTh7yWoLvMZl-2CaPNbBihgm4UzXqqMCsffdIg3VGqUPHAZMFG9IZppS76-27YCoz8XHCJkyq3P1oj9rwbq9FvlA.-TxbFm3TvmgtzvXIE24ELBQAwSWyhLZi-w_IRknyyYk&dib_tag=se&keywords=water+flask&qid=1708133614&sr=8-56,"1 Gallon Insulated Water Bottle with Handle and Wide Mouth Water Flask Sweat-Proof and Leak-Proof 128 Oz Stainless Steel Water Jug for Outdoors, Olive",B09V4YDQWG,https://m.media-amazon.com/images/I/51prA-Qh4ML._AC_UL320_.jpg,$55.95,True,20% coupon applied at checkoutSave 20% with coupon,4.6 out of 5 stars,84
https://www.amazon.com/Coolflask-Insulated-Bottle-Stainless-Double/dp/B0BQ6T9RC6/ref=sr_1_57?dib=eyJ2IjoiMSJ9.JUfqKIV6BOW4Po_GzNnkF9j7GOOIYel0jSFNgEwYy8NjW-USPaumCvoFUkjmaQVOcCwluMBDagKyOSWtEgdrodGppZamY1I46cijD5LmBiPXnM6FpNybTHnIwoZbRbfssL4w5CHQywa6ZIoNiZGjCR90J7oiY2MZEljDasplCRyPmmQLA3jp904x8iSGDgTGOa0uXoA-82icGP59EM4HTh7yWoLvMZl-2CaPNbBihgm4UzXqqMCsffdIg3VGqUPHAZMFG9IZppS76-27YCoz8XHCJkyq3P1oj9rwbq9FvlA.-TxbFm3TvmgtzvXIE24ELBQAwSWyhLZi-w_IRknyyYk&dib_tag=se&keywords=water+flask&qid=1708133614&sr=8-57,"Coolflask Insulated Water Bottle 32 oz, Water Bottle with Straw and Strap, Metal Stainless Steel Water Flask Double Wall Vacuum Cold for 48 Hrs Hot for 24 Hrs",B0BQ6T9RC6,https://m.media-amazon.com/images/I/71GnhzqZ3zL._AC_UL320_.jpg,$24.99,True,,4.3 out of 5 stars,164
https://www.amazon.com/Revelist-Insulated-Water-Bottle-Stainless/dp/B09JCQVRML/ref=sr_1_58?dib=eyJ2IjoiMSJ9.JUfqKIV6BOW4Po_GzNnkF9j7GOOIYel0jSFNgEwYy8NjW-USPaumCvoFUkjmaQVOcCwluMBDagKyOSWtEgdrodGppZamY1I46cijD5LmBiPXnM6FpNybTHnIwoZbRbfssL4w5CHQywa6ZIoNiZGjCR90J7oiY2MZEljDasplCRyPmmQLA3jp904x8iSGDgTGOa0uXoA-82icGP59EM4HTh7yWoLvMZl-2CaPNbBihgm4UzXqqMCsffdIg3VGqUPHAZMFG9IZppS76-27YCoz8XHCJkyq3P1oj9rwbq9FvlA.-TxbFm3TvmgtzvXIE24ELBQAwSWyhLZi-w_IRknyyYk&dib_tag=se&keywords=water+flask&qid=1708133614&sr=8-58,"Revelist Sports Water Bottle - 32 Oz, 3 Lids (Straw Lid, Spout & Screw Top) with Boot, Vacuum Insulated Stainless Steel, Double Walled, Reusable Water Flask, Metal Canteen - Mist Blue",B09JCQVRML,https://m.media-amazon.com/images/I/61j8FTVdbZL._AC_UL320_.jpg,$19.99,True,List:$35.95,4.7 out of 5 stars,2479
https://www.amazon.com/Insulated-Paracord-Waterbottle-Protective-Leak-proof/dp/B0BN42DNG2/ref=sr_1_59?dib=eyJ2IjoiMSJ9.JUfqKIV6BOW4Po_GzNnkF9j7GOOIYel0jSFNgEwYy8NjW-USPaumCvoFUkjmaQVOcCwluMBDagKyOSWtEgdrodGppZamY1I46cijD5LmBiPXnM6FpNybTHnIwoZbRbfssL4w5CHQywa6ZIoNiZGjCR90J7oiY2MZEljDasplCRyPmmQLA3jp904x8iSGDgTGOa0uXoA-82icGP59EM4HTh7yWoLvMZl-2CaPNbBihgm4UzXqqMCsffdIg3VGqUPHAZMFG9IZppS76-27YCoz8XHCJkyq3P1oj9rwbq9FvlA.-TxbFm3TvmgtzvXIE24ELBQAwSWyhLZi-w_IRknyyYk&dib_tag=se&keywords=water+flask&qid=1708133614&sr=8-59,"64 oz Insulated Water Bottle with Straw & Auto Spout Lids, Paracord Handle, Half Gallon Waterbottle Strap Carrier & Protective Boot, Wide Mouth Metal Canteen Thermo Mug, Leak-proof Sports Hydro Jug",B0BN42DNG2,https://m.media-amazon.com/images/I/71vZCtD56wL._AC_UL320_.jpg,$39.99,True,$4.00 coupon applied at checkoutSave $4.00 with coupon,4.6 out of 5 stars,1342
https://www.amazon.com/Triple-Insulated-Stainless-Steel-Water-Bottle-Straw/dp/B08MFSSN8Q/ref=sr_1_60?dib=eyJ2IjoiMSJ9.JUfqKIV6BOW4Po_GzNnkF9j7GOOIYel0jSFNgEwYy8NjW-USPaumCvoFUkjmaQVOcCwluMBDagKyOSWtEgdrodGppZamY1I46cijD5LmBiPXnM6FpNybTHnIwoZbRbfssL4w5CHQywa6ZIoNiZGjCR90J7oiY2MZEljDasplCRyPmmQLA3jp904x8iSGDgTGOa0uXoA-82icGP59EM4HTh7yWoLvMZl-2CaPNbBihgm4UzXqqMCsffdIg3VGqUPHAZMFG9IZppS76-27YCoz8XHCJkyq3P1oj9rwbq9FvlA.-TxbFm3TvmgtzvXIE24ELBQAwSWyhLZi-w_IRknyyYk&dib_tag=se&keywords=water+flask&qid=1708133614&sr=8-60,"FineDine Insulated Water Bottles with Straw - 25 Oz Stainless Steel Metal Water Bottle W/ 3 Lids - Reusable for Travel, Camping, Bike, Sports - Army Green",B08MFSSN8Q,https://m.media-amazon.com/images/I/81lMl0KeaXL._AC_UL320_.jpg,$17.49,True,List:$26.99,4.6 out of 5 stars,33878
https://www.amazon.com/sspa/click?ie=UTF8&spc=MTo4Nzk0MTg5OTIyNjU3MDQ3OjE3MDgxMzM2MTQ6c3Bfc2VhcmNoX3RoZW1hdGljX2J0ZjoyMDAwMjgzNzM5Njk4NjE6OjA6Og&url=%2FHydration-Folding-Climbing-Rigorous-Activity%2Fdp%2FB07KNDT5J7%2Fref%3Dsxbs_pa_sp_search_thematic_btf%3Fcontent-id%3Damzn1.sym.a8c4d490-9f72-49c1-94dc-1cc421b4711f%253Aamzn1.sym.a8c4d490-9f72-49c1-94dc-1cc421b4711f%26cv_ct_cx%3Dwater%2Bflask%26dib%3DeyJ2IjoiMSJ9.Hx96ffn7QNwTbvtO78nCpSlpvJaDQUl5aViv5G_ifW0f86l9LeqDvUvKezM8KIDTAPfId7D1wHYgVrXE0NOWqw.alj7X_AGZTPmseV8VJsyXnMHJ2PGj82VFlpzwfeYYxM%26dib_tag%3Dse%26keywords%3Dwater%2Bflask%26pd_rd_i%3DB07KNDT5J7%26pd_rd_r%3D937b5ddb-b515-4738-8ce8-588fe4377df1%26pd_rd_w%3DrdZOq%26pd_rd_wg%3DhhOyy%26pf_rd_p%3Da8c4d490-9f72-49c1-94dc-1cc421b4711f%26pf_rd_r%3DFRQXGHEV1KAZWK650ZJE%26qid%3D1708133614%26sbo%3DRZvfv%252F%252FHxDF%252BO5021pAnSA%253D%253D%26sr%3D1-1-2111c337-e22b-460d-97fe-5be1c77b95e4-spons%26sp_csd%3Dd2lkZ2V0TmFtZT1zcF9zZWFyY2hfdGhlbWF0aWNfYnRm%26psc%3D1,"Soft Flask - 5 oz (150 ml)- Shrink As You Drink Pocket Soft Water Bottle for Hydration Pack/Running Vest- Folding Water Bottle for Running, Hiking, Cycling - Ski Water Bottles (FLASK150)",B07KNDT5J7,https://m.media-amazon.com/images/I/71CmX9UuO+L._AC_UL320_.jpg,$9.99,True,List:$12.00,4.0 out of 5 stars,2102
https://www.amazon.com/sspa/click?ie=UTF8&spc=MTo4Nzk0MTg5OTIyNjU3MDQ3OjE3MDgxMzM2MTQ6c3Bfc2VhcmNoX3RoZW1hdGljX2J0ZjozMDAxMjM4MDEyNTg0MDI6OjE6Og&url=%2FPICKLEBALL-Pickleball-Insulated-PickleBall-Accessories%2Fdp%2FB0CLSVTX75%2Fref%3Dsxbs_pa_sp_search_thematic_btf%3Fcontent-id%3Damzn1.sym.a8c4d490-9f72-49c1-94dc-1cc421b4711f%253Aamzn1.sym.a8c4d490-9f72-49c1-94dc-1cc421b4711f%26cv_ct_cx%3Dwater%2Bflask%26dib%3DeyJ2IjoiMSJ9.Hx96ffn7QNwTbvtO78nCpSlpvJaDQUl5aViv5G_ifW0f86l9LeqDvUvKezM8KIDTAPfId7D1wHYgVrXE0NOWqw.alj7X_AGZTPmseV8VJsyXnMHJ2PGj82VFlpzwfeYYxM%26dib_tag%3Dse%26keywords%3Dwater%2Bflask%26pd_rd_i%3DB0CLSVTX75%26pd_rd_r%3D937b5ddb-b515-4738-8ce8-588fe4377df1%26pd_rd_w%3DrdZOq%26pd_rd_wg%3DhhOyy%26pf_rd_p%3Da8c4d490-9f72-49c1-94dc-1cc421b4711f%26pf_rd_r%3DFRQXGHEV1KAZWK650ZJE%26qid%3D1708133614%26sbo%3DRZvfv%252F%252FHxDF%252BO5021pAnSA%253D%253D%26sr%3D1-2-2111c337-e22b-460d-97fe-5be1c77b95e4-spons%26sp_csd%3Dd2lkZ2V0TmFtZT1zcF9zZWFyY2hfdGhlbWF0aWNfYnRm%26psc%3D1,MAUI PICKLEBALL CO.â¢ Pickleball Water Bottle Flask 32oz Pickleball Gift Insulated Stainless Steel Water Bottle Funny Water Bottle Green PickleBall Accessories Sip/Straw Lid Pickle ball Bottle Sports,B0CLSVTX75,https://m.media-amazon.com/images/I/61VA4uVfW6L._AC_UL320_.jpg,$26.95,True,,5.0 out of 5 stars,25
https://www.amazon.com/sspa/click?ie=UTF8&spc=MTo4Nzk0MTg5OTIyNjU3MDQ3OjE3MDgxMzM2MTQ6c3Bfc2VhcmNoX3RoZW1hdGljX2J0ZjozMDAwMTkzNzc4MDU2MDI6OjI6Og&url=%2FKonokyo-Insulated-Bottles-Stainless-Green%2Fdp%2FB0C3B739CR%2Fref%3Dsxbs_pa_sp_search_thematic_btf%3Fcontent-id%3Damzn1.sym.a8c4d490-9f72-49c1-94dc-1cc421b4711f%253Aamzn1.sym.a8c4d490-9f72-49c1-94dc-1cc421b4711f%26cv_ct_cx%3Dwater%2Bflask%26dib%3DeyJ2IjoiMSJ9.Hx96ffn7QNwTbvtO78nCpSlpvJaDQUl5aViv5G_ifW0f86l9LeqDvUvKezM8KIDTAPfId7D1wHYgVrXE0NOWqw.alj7X_AGZTPmseV8VJsyXnMHJ2PGj82VFlpzwfeYYxM%26dib_tag%3Dse%26keywords%3Dwater%2Bflask%26pd_rd_i%3DB0C3B739CR%26pd_rd_r%3D937b5ddb-b515-4738-8ce8-588fe4377df1%26pd_rd_w%3DrdZOq%26pd_rd_wg%3DhhOyy%26pf_rd_p%3Da8c4d490-9f72-49c1-94dc-1cc421b4711f%26pf_rd_r%3DFRQXGHEV1KAZWK650ZJE%26qid%3D1708133614%26sbo%3DRZvfv%252F%252FHxDF%252BO5021pAnSA%253D%253D%26sr%3D1-3-2111c337-e22b-460d-97fe-5be1c77b95e4-spons%26sp_csd%3Dd2lkZ2V0TmFtZT1zcF9zZWFyY2hfdGhlbWF0aWNfYnRm%26psc%3D1,"Insulated Water Bottles,12oz Double Wall Stainless Steel Vacumm Metal Flask for Sports Travel,Macaron Green",B0C3B739CR,https://m.media-amazon.com/images/I/61pXOU9vpPL._AC_UL320_.jpg,$7.12,True,List:$12.99,4.5 out of 5 stars,518
https://www.amazon.com/sspa/click?ie=UTF8&spc=MTo4Nzk0MTg5OTIyNjU3MDQ3OjE3MDgxMzM2MTQ6c3Bfc2VhcmNoX3RoZW1hdGljX2J0ZjozMDAwNDM0NzY5NTA4MDI6OjM6Og&url=%2FIron-Flask-Sports-Water-Bottle%2Fdp%2FB07X8DD397%2Fref%3Dsxbs_pa_sp_search_thematic_btf%3Fcontent-id%3Damzn1.sym.a8c4d490-9f72-49c1-94dc-1cc421b4711f%253Aamzn1.sym.a8c4d490-9f72-49c1-94dc-1cc421b4711f%26cv_ct_cx%3Dwater%2Bflask%26dib%3DeyJ2IjoiMSJ9.Hx96ffn7QNwTbvtO78nCpSlpvJaDQUl5aViv5G_ifW0f86l9LeqDvUvKezM8KIDTAPfId7D1wHYgVrXE0NOWqw.alj7X_AGZTPmseV8VJsyXnMHJ2PGj82VFlpzwfeYYxM%26dib_tag%3Dse%26keywords%3Dwater%2Bflask%26pd_rd_i%3DB07X8DD397%26pd_rd_r%3D937b5ddb-b515-4738-8ce8-588fe4377df1%26pd_rd_w%3DrdZOq%26pd_rd_wg%3DhhOyy%26pf_rd_p%3Da8c4d490-9f72-49c1-94dc-1cc421b4711f%26pf_rd_r%3DFRQXGHEV1KAZWK650ZJE%26qid%3D1708133614%26sbo%3DTc8eqSFhUl4VwMzbE4fw%252Fw%253D%253D%26sr%3D1-4-2111c337-e22b-460d-97fe-5be1c77b95e4-spons%26sp_csd%3Dd2lkZ2V0TmFtZT1zcF9zZWFyY2hfdGhlbWF0aWNfYnRm%26psc%3D1,"IRON Â°FLASK Sports Water Bottle - 32 Oz 3 Lids (Straw Lid), Leak Proof - Stainless Steel Gym & Sport Bottles for Men, Women & Kids - Double Walled, Insulated Thermos, Metal Canteen",B07X8DD397,https://m.media-amazon.com/images/I/71ZGHBTYjwL._AC_UL320_.jpg,$21.56,True,"Buy 2, save 3%$26.95",4.8 out of 5 stars,134479
https://www.amazon.com/sspa/click?ie=UTF8&spc=MTo4Nzk0MTg5OTIyNjU3MDQ3OjE3MDgxMzM2MTQ6c3Bfc2VhcmNoX3RoZW1hdGljX2J0ZjoyMDAxMzk5MzU4OTA0OTg6OjQ6Og&url=%2FBJPKPK-Stainless-Insulated-bottles-Navy-blue%2Fdp%2FB096RW4RYB%2Fref%3Dsxbs_pa_sp_search_thematic_btf%3Fcontent-id%3Damzn1.sym.a8c4d490-9f72-49c1-94dc-1cc421b4711f%253Aamzn1.sym.a8c4d490-9f72-49c1-94dc-1cc421b4711f%26cv_ct_cx%3Dwater%2Bflask%26dib%3DeyJ2IjoiMSJ9.Hx96ffn7QNwTbvtO78nCpSlpvJaDQUl5aViv5G_ifW0f86l9LeqDvUvKezM8KIDTAPfId7D1wHYgVrXE0NOWqw.alj7X_AGZTPmseV8VJsyXnMHJ2PGj82VFlpzwfeYYxM%26dib_tag%3Dse%26keywords%3Dwater%2Bflask%26pd_rd_i%3DB096RW4RYB%26pd_rd_r%3D937b5ddb-b515-4738-8ce8-588fe4377df1%26pd_rd_w%3DrdZOq%26pd_rd_wg%3DhhOyy%26pf_rd_p%3Da8c4d490-9f72-49c1-94dc-1cc421b4711f%26pf_rd_r%3DFRQXGHEV1KAZWK650ZJE%26qid%3D1708133614%26sbo%3DRZvfv%252F%252FHxDF%252BO5021pAnSA%253D%253D%26sr%3D1-5-2111c337-e22b-460d-97fe-5be1c77b95e4-spons%26sp_csd%3Dd2lkZ2V0TmFtZT1zcF9zZWFyY2hfdGhlbWF0aWNfYnRm%26psc%3D1,"BJPKPK Stainless Steel Water Bottles -25oz/750ml -Insulated Water bottles,Sports water bottles Keep cold for 24 Hours and hot for 12 Hours,BPA Free kids water bottles-Navy blue",B096RW4RYB,https://m.media-amazon.com/images/I/71aSoP8oLbL._AC_UL320_.jpg,$11.18,True,List:$15.99,4.5 out of 5 stars,7518
https://www.amazon.com/sspa/click?ie=UTF8&spc=MTo0MDMwMTc2MjUzMDExMDQ3OjE3MDgxMzQyNTc6c3BfYXRmX25leHQ6MzAwMDk3NTUwODYyNzAyOjowOjo&url=%2F64OZ-Stainless-Steel-Water-Bottles%2Fdp%2FB0BN4483S6%2Fref%3Dsr_1_49_sspa%3Fkeywords%3Dwater%2Bflask%26qid%3D1708134257%26sr%3D8-49-spons%26sp_csd%3Dd2lkZ2V0TmFtZT1zcF9hdGZfbmV4dA%26psc%3D1,"64OZ Stainless Steel Water Bottles - Half Gallon Water Bottle with Straw Lids, Reusable Vacuum Insulated Water Jug w/ Carrier Bag, Leak Proof Metal Waterbottle for Sports Gym Workout Travel Hiking",B0BN4483S6,https://m.media-amazon.com/images/I/71O4tp8RpgL._AC_UL320_.jpg,$39.99,True,Join Prime to buy this item at $35.99,4.6 out of 5 stars,1342
https://www.amazon.com/sspa/click?ie=UTF8&spc=MTo0MDMwMTc2MjUzMDExMDQ3OjE3MDgxMzQyNTc6c3BfYXRmX25leHQ6MzAwMDg4NDg3ODUzOTAyOjowOjo&url=%2FRAYMYLO-Insulated-Stainless-BPA-Free-Paracord%2Fdp%2FB0BZZT6B84%2Fref%3Dsr_1_50_sspa%3Fkeywords%3Dwater%2Bflask%26qid%3D1708134257%26sr%3D8-50-spons%26sp_csd%3Dd2lkZ2V0TmFtZT1zcF9hdGZfbmV4dA%26psc%3D1,"Insulated Water Bottle 64 oz, Triple Wall Vacuum Stainless Steel (Cold for 48 Hrs), Leak Proof & BPA-Free, Half Gallon Water Flask Jug with Paracord Handle & Straw Spout Lids",B0BZZT6B84,https://m.media-amazon.com/images/I/71vE0KfTNQL._AC_UL320_.jpg,$29.99,True,5% coupon applied at checkoutSave 5% with coupon,4.7 out of 5 stars,979
https://www.amazon.com/sspa/click?ie=UTF8&spc=MTo0MDMwMTc2MjUzMDExMDQ3OjE3MDgxMzQyNTc6c3BfYXRmX25leHQ6MzAwMDQzNTIwMDM3ODAyOjowOjo&url=%2FIRON-%25C2%25B0FLASK-Sports-Water-Bottle%2Fdp%2FB0B6MP2JWV%2Fref%3Dsr_1_51_sspa%3Fkeywords%3Dwater%2Bflask%26qid%3D1708134257%26sr%3D8-51-spons%26sp_csd%3Dd2lkZ2V0TmFtZT1zcF9hdGZfbmV4dA%26psc%3D1,"IRON Â°FLASK Sports Water Bottle - 32 Oz, 3 Lids (Straw Lid), Leak Proof, Vacuum Insulated Stainless Steel, Hot Cold, Double Walled, Thermo Mug, Standard Metal Canteen",B0B6MP2JWV,https://m.media-amazon.com/images/I/61Jmxh5IxJL._AC_UL320_.jpg,$28.95,True,,4.7 out of 5 stars,27421
https://www.amazon.com/sspa/click?ie=UTF8&spc=MTo0MDMwMTc2MjUzMDExMDQ3OjE3MDgxMzQyNTc6c3BfYXRmX25leHQ6MzAwMTA0NjA4ODA4NzAyOjowOjo&url=%2FEnerbone-Leakproof-Drinking-Carrying-Pink-Green%2Fdp%2FB097SDFZTV%2Fref%3Dsr_1_52_sspa%3Fkeywords%3Dwater%2Bflask%26qid%3D1708134257%26sr%3D8-52-spons%26sp_csd%3Dd2lkZ2V0TmFtZT1zcF9hdGZfbmV4dA%26psc%3D1,"Enerbone 32 oz Drinking Water Bottle with Times to Drink and Straw, Motivational with Carrying Strap, Leakproof BPA & Toxic Free, Ensure You Drink Enough Water for Fitness Gym Outdoor",B097SDFZTV,https://m.media-amazon.com/images/I/71K2Wz8gLDL._AC_UL320_.jpg,$9.99,True,List:$19.99,4.7 out of 5 stars,9177
https://www.amazon.com/Volhoply-Insulated-Bottles-Stainless-Reusable/dp/B0B362LQC3/ref=sr_1_53?keywords=water+flask&qid=1708134257&sr=8-53,"Volhoply Insulated Water Bottles with Straw Bulk 8 Pack, 22 oz Stainless Steel Sports Bottle with Lid,Double Walled Vacuum Metal Thermos with Wide Mouth, Reusable Water Flask for School(Black,8 Set)",B0B362LQC3,https://m.media-amazon.com/images/I/71tYrwAvKqL._AC_UL320_.jpg,$57.99,True,,4.6 out of 5 stars,626
https://www.amazon.com/Milton-Thermosteel-Flip-Flask-Silver/dp/B00W9EM4J0/ref=sr_1_54?keywords=water+flask&qid=1708134257&sr=8-54,"Milton Thermosteel Flip Lid 750, Double Walled Vacuum Insulated Thermos 750 ml | 25 oz | 24 Hours Hot and Cold Water Bottle with Cover, Stainless Steel, BPA Free, Leak Proof | Silver",B00W9EM4J0,https://m.media-amazon.com/images/I/81Ve94O1ohL._AC_UL320_.jpg,$22.99,True,,4.3 out of 5 stars,140386
https://www.amazon.com/Hydro-Flask-Mouth-Straw-Peony/dp/B0BTXQ2VBJ/ref=sr_1_55?keywords=water+flask&qid=1708134257&sr=8-55,Hydro Flask Kids Wide Mouth Straw Cap And Boot,B0BTXQ2VBJ,https://m.media-amazon.com/images/I/5116nTq6WdL._AC_UL320_.jpg,$29.95,True,,4.8 out of 5 stars,679
https://www.amazon.com/sspa/click?ie=UTF8&spc=MToyMzkyNTcwOTMwODIwMDQ3OjE3MDgxMzQyNTc6c3Bfc2VhcmNoX3RoZW1hdGljOjMwMDA4ODQ4Nzg1MzkwMjo6MDo6&url=%2FRAYMYLO-Insulated-Stainless-BPA-Free-Paracord%2Fdp%2FB0BZZT6B84%2Fref%3Dsxin_12_pa_sp_search_thematic_sspa%3Fcontent-id%3Damzn1.sym.c02194c0-a971-47b4-9f0f-40b500da8e47%253Aamzn1.sym.c02194c0-a971-47b4-9f0f-40b500da8e47%26cv_ct_cx%3Dwater%2Bflask%26keywords%3Dwater%2Bflask%26pd_rd_i%3DB0BZZT6B84%26pd_rd_r%3D0b1e84ad-ba38-4cab-a90b-e41818fb329d%26pd_rd_w%3DEjcN6%26pd_rd_wg%3DYXSCB%26pf_rd_p%3Dc02194c0-a971-47b4-9f0f-40b500da8e47%26pf_rd_r%3DTN2VA6V6SXV7JV5WCTF4%26qid%3D1708134257%26sbo%3DRZvfv%252F%252FHxDF%252BO5021pAnSA%253D%253D%26sr%3D1-49-f853d353-bf33-45e7-b5c2-2cb2b31abc9b-spons%26sp_csd%3Dd2lkZ2V0TmFtZT1zcF9zZWFyY2hfdGhlbWF0aWM%26psc%3D1,"Insulated Water Bottle 64 oz, Triple Wall Vacuum Stainless Steel (Cold for 48 Hrs), Leak Proof & BPA-Free, Half Gallon Water Flask Jug with Paracord Handle & Straw Spout Lids",B0BZZT6B84,https://m.media-amazon.com/images/I/71vE0KfTNQL._AC_UL320_.jpg,$29.99,True,5% coupon applied at checkoutSave 5% with coupon,4.7 out of 5 stars,979
https://www.amazon.com/sspa/click?ie=UTF8&spc=MToyMzkyNTcwOTMwODIwMDQ3OjE3MDgxMzQyNTc6c3Bfc2VhcmNoX3RoZW1hdGljOjMwMDA5NzU1MDg2MjcwMjo6MTo6&url=%2F64OZ-Stainless-Steel-Water-Bottles%2Fdp%2FB0BN4483S6%2Fref%3Dsxin_12_pa_sp_search_thematic_sspa%3Fcontent-id%3Damzn1.sym.c02194c0-a971-47b4-9f0f-40b500da8e47%253Aamzn1.sym.c02194c0-a971-47b4-9f0f-40b500da8e47%26cv_ct_cx%3Dwater%2Bflask%26keywords%3Dwater%2Bflask%26pd_rd_i%3DB0BN4483S6%26pd_rd_r%3D0b1e84ad-ba38-4cab-a90b-e41818fb329d%26pd_rd_w%3DEjcN6%26pd_rd_wg%3DYXSCB%26pf_rd_p%3Dc02194c0-a971-47b4-9f0f-40b500da8e47%26pf_rd_r%3DTN2VA6V6SXV7JV5WCTF4%26qid%3D1708134257%26sbo%3DRZvfv%252F%252FHxDF%252BO5021pAnSA%253D%253D%26sr%3D1-50-f853d353-bf33-45e7-b5c2-2cb2b31abc9b-spons%26sp_csd%3Dd2lkZ2V0TmFtZT1zcF9zZWFyY2hfdGhlbWF0aWM%26psc%3D1,"64OZ Stainless Steel Water Bottles - Half Gallon Water Bottle with Straw Lids, Reusable Vacuum Insulated Water Jug w/ Carrier Bag, Leak Proof Metal Waterbottle for Sports Gym Workout Travel Hiking",B0BN4483S6,https://m.media-amazon.com/images/I/71O4tp8RpgL._AC_UL320_.jpg,$39.99,True,Join Prime to buy this item at $35.99,4.6 out of 5 stars,1342
https://www.amazon.com/sspa/click?ie=UTF8&spc=MToyMzkyNTcwOTMwODIwMDQ3OjE3MDgxMzQyNTc6c3Bfc2VhcmNoX3RoZW1hdGljOjIwMDE2OTE1NTUzMDE5ODo6Mjo6&url=%2FRRYFOUR-Half-Gallon-Water-Bottle-Straw%2Fdp%2FB0C1GL155L%2Fref%3Dsxin_12_pa_sp_search_thematic_sspa%3Fcontent-id%3Damzn1.sym.c02194c0-a971-47b4-9f0f-40b500da8e47%253Aamzn1.sym.c02194c0-a971-47b4-9f0f-40b500da8e47%26cv_ct_cx%3Dwater%2Bflask%26keywords%3Dwater%2Bflask%26pd_rd_i%3DB0C1GL155L%26pd_rd_r%3D0b1e84ad-ba38-4cab-a90b-e41818fb329d%26pd_rd_w%3DEjcN6%26pd_rd_wg%3DYXSCB%26pf_rd_p%3Dc02194c0-a971-47b4-9f0f-40b500da8e47%26pf_rd_r%3DTN2VA6V6SXV7JV5WCTF4%26qid%3D1708134257%26sbo%3DRZvfv%252F%252FHxDF%252BO5021pAnSA%253D%253D%26sr%3D1-51-f853d353-bf33-45e7-b5c2-2cb2b31abc9b-spons%26sp_csd%3Dd2lkZ2V0TmFtZT1zcF9zZWFyY2hfdGhlbWF0aWM%26psc%3D1,64oz Stainless Steel Water Bottle with Straw - Leakproof Insulated Metal Flask for Hiking Camping,B0C1GL155L,https://m.media-amazon.com/images/I/71L+9fk+qhL._AC_UL320_.jpg,$36.99,True,Join Prime to buy this item at $32.99$39.99,4.8 out of 5 stars,232
https://www.amazon.com/sspa/click?ie=UTF8&spc=MToyMzkyNTcwOTMwODIwMDQ3OjE3MDgxMzQyNTc6c3Bfc2VhcmNoX3RoZW1hdGljOjIwMDA2NzI5MzkwMDE1MTo6Mzo6&url=%2FBottle-Coolflask-Insulated-Sweat-Proof-BPA-Free%2Fdp%2FB091DXH1J2%2Fref%3Dsxin_12_pa_sp_search_thematic_sspa%3Fcontent-id%3Damzn1.sym.c02194c0-a971-47b4-9f0f-40b500da8e47%253Aamzn1.sym.c02194c0-a971-47b4-9f0f-40b500da8e47%26cv_ct_cx%3Dwater%2Bflask%26keywords%3Dwater%2Bflask%26pd_rd_i%3DB091DXH1J2%26pd_rd_r%3D0b1e84ad-ba38-4cab-a90b-e41818fb329d%26pd_rd_w%3DEjcN6%26pd_rd_wg%3DYXSCB%26pf_rd_p%3Dc02194c0-a971-47b4-9f0f-40b500da8e47%26pf_rd_r%3DTN2VA6V6SXV7JV5WCTF4%26qid%3D1708134257%26sbo%3DRZvfv%252F%252FHxDF%252BO5021pAnSA%253D%253D%26sr%3D1-52-f853d353-bf33-45e7-b5c2-2cb2b31abc9b-spons%26sp_csd%3Dd2lkZ2V0TmFtZT1zcF9zZWFyY2hfdGhlbWF0aWM%26psc%3D1,"64 oz Water Bottle Insulated with Straw & 3 Lids, Coolflask Large Metal Stainless Steel Water Jug Big Half Gallon Wide Mouth for Sports, Gym or Office, BPA-Free Keep Cold 48H Hot 24H, Magic Black",B091DXH1J2,https://m.media-amazon.com/images/I/71Ij8gStUVL._AC_UL320_.jpg,$33.99,True,15% coupon applied at checkoutSave 15% with coupon,4.7 out of 5 stars,7529
https://www.amazon.com/sspa/click?ie=UTF8&spc=MToyMzkyNTcwOTMwODIwMDQ3OjE3MDgxMzQyNTc6c3Bfc2VhcmNoX3RoZW1hdGljOjIwMDEzODYyMDQ5Mzg5ODo6NDo6&url=%2FInsulated-Stainless-Brushes-BPA-free-Reusable%2Fdp%2FB097DZMZ86%2Fref%3Dsxin_12_pa_sp_search_thematic_sspa%3Fcontent-id%3Damzn1.sym.c02194c0-a971-47b4-9f0f-40b500da8e47%253Aamzn1.sym.c02194c0-a971-47b4-9f0f-40b500da8e47%26cv_ct_cx%3Dwater%2Bflask%26keywords%3Dwater%2Bflask%26pd_rd_i%3DB097DZMZ86%26pd_rd_r%3D0b1e84ad-ba38-4cab-a90b-e41818fb329d%26pd_rd_w%3DEjcN6%26pd_rd_wg%3DYXSCB%26pf_rd_p%3Dc02194c0-a971-47b4-9f0f-40b500da8e47%26pf_rd_r%3DTN2VA6V6SXV7JV5WCTF4%26qid%3D1708134257%26sbo%3DRZvfv%252F%252FHxDF%252BO5021pAnSA%253D%253D%26sr%3D1-53-f853d353-bf33-45e7-b5c2-2cb2b31abc9b-spons%26sp_csd%3Dd2lkZ2V0TmFtZT1zcF9zZWFyY2hfdGhlbWF0aWM%26psc%3D1,"64 oz Insulated Water Bottle, Half Gallon Vacuum Stainless Steel Sports Water Jug with 3 Lids & Brush, BPA-free Reusable Double Walled Mug Gym Keg for Sports Outdoor Camping, Black",B097DZMZ86,https://m.media-amazon.com/images/I/71bmIf1fX0L._AC_UL320_.jpg,$34.97,True,Join Prime to buy this item at $26.23,4.7 out of 5 stars,2334
https://www.amazon.com/Iron-Infidel-Battle-Bottle-Insulated/dp/B09NPBX66R/ref=sr_1_56?keywords=water+flask&qid=1708134257&sr=8-56,"Iron Infidel The Original Battle Bottle - Half Gallon Insulated Water Bottle with Paracord Handle, Large 64 oz Stainless Steel Water Jug with Rugged, Removable Sleeve for Keys, Wallet & Phone",B09NPBX66R,https://m.media-amazon.com/images/I/81isBqyh7LL._AC_UL320_.jpg,3 sizes,True,,4.7 out of 5 stars,3211
https://www.amazon.com/Koodee-Insulated-Stainless-Thermal-Aquamarine/dp/B083J9DPXM/ref=sr_1_57?keywords=water+flask&qid=1708134257&sr=8-57,koodee Water Bottle 17 oz Stainless Steel Double Wall Vacuum Insulated Sports Water Bottle Leak-Proof Cola Shape Travel Water Flask (Aquamarine Blue),B083J9DPXM,https://m.media-amazon.com/images/I/71-FYpJ2ZAL._AC_UL320_.jpg,$11.99,True,List:$15.99,4.6 out of 5 stars,3790
https://www.amazon.com/Fanhaw-Insulated-Dishwasher-Double-Wall-Green-Blue/dp/B09RVRLKNT/ref=sr_1_58?keywords=water+flask&qid=1708134257&sr=8-58,Fanhaw 20 Oz Insulated Stainless Steel Water Bottle with Chug Lid - Leak & Sweat Proof with Anti-Dust Lid (Green Blue),B09RVRLKNT,https://m.media-amazon.com/images/I/61gWGWkLAQL._AC_UL320_.jpg,$11.99,True,,4.4 out of 5 stars,3057
https://www.amazon.com/sspa/click?ie=UTF8&spc=MTo0MDMwMTc2MjUzMDExMDQ3OjE3MDgxMzQyNTc6c3BfbXRmOjMwMDEwNTg4MjUyNDcwMjo6MDo6&url=%2FReebok-Stainless-Bottle-Athletic-Design%2Fdp%2FB0C9NDZH6B%2Fref%3Dsr_1_59_sspa%3Fkeywords%3Dwater%2Bflask%26qid%3D1708134257%26sr%3D8-59-spons%26sp_csd%3Dd2lkZ2V0TmFtZT1zcF9tdGY%26psc%3D1,"Reebok Stainless Steel Water Bottle With Straw Cap & Athletic Design - Insulated Water Bottles 32 oz - Double Wall Vacuum Insulated Sports Water Bottle With Straw, BPA Free (Red with Blue Vector)",B0C9NDZH6B,https://m.media-amazon.com/images/I/71p68UIlunL._AC_UL320_.jpg,2 sizes,True,List:$23.99,4.5 out of 5 stars,87
https://www.amazon.com/sspa/click?ie=UTF8&spc=MTo0MDMwMTc2MjUzMDExMDQ3OjE3MDgxMzQyNTc6c3BfbXRmOjIwMDAzOTc4MjYyNDA5ODo6MDo6&url=%2FHydrapak-UltraFlask-Speed-600ml-2-Pack%2Fdp%2FB09S8SMLRY%2Fref%3Dsr_1_60_sspa%3Fkeywords%3Dwater%2Bflask%26qid%3D1708134257%26sr%3D8-60-spons%26sp_csd%3Dd2lkZ2V0TmFtZT1zcF9tdGY%26psc%3D1,"HydraPak UltraFlask Speed 600ml 2-Pack - Collapsible Soft Flask Water Bottle for Hydration Vests and Running Packs with Easy Open Cap (600 ml/20 oz), Malibu Blue",B09S8SMLRY,https://m.media-amazon.com/images/I/61xgCTHYMoL._AC_UL320_.jpg,$32.33,True,List:$46.00,4.6 out of 5 stars,109
https://www.amazon.com/sspa/click?ie=UTF8&spc=MTo0MDMwMTc2MjUzMDExMDQ3OjE3MDgxMzQyNTc6c3BfbXRmOjMwMDEyNDY5Nzc1MzUwMjo6MDo6&url=%2FFLPSDE-Chamber-Insulated-Stainless-Adventure%2Fdp%2FB07MVQLLDQ%2Fref%3Dsr_1_61_sspa%3Fkeywords%3Dwater%2Bflask%26qid%3D1708134257%26sr%3D8-61-spons%26sp_csd%3Dd2lkZ2V0TmFtZT1zcF9tdGY%26psc%3D1,"Water Bottle with Snack Compartment, Drink & Snack Cup Combo, 20oz Stainless Steel Water Bottle with 7oz Snack Container, Snack Storage, Dual Chamber Water Bottle",B07MVQLLDQ,https://m.media-amazon.com/images/I/51toYOypdML._AC_UL320_.jpg,$34.99,True,,4.2 out of 5 stars,278
https://www.amazon.com/sspa/click?ie=UTF8&spc=MTo0MDMwMTc2MjUzMDExMDQ3OjE3MDgxMzQyNTc6c3BfbXRmOjIwMDA1MTA3Njc5NDMyMTo6MDo6&url=%2FFLES-Bottle-Splash-Marker-Stickers%2Fdp%2FB08PPB1P2W%2Fref%3Dsr_1_62_sspa%3Fkeywords%3Dwater%2Bflask%26qid%3D1708134257%26sr%3D8-62-spons%26sp_csd%3Dd2lkZ2V0TmFtZT1zcF9tdGY%26psc%3D1,FLES 64 oz Water Bottle - Half Gallon Water Bottle with Sleeve Motivational Water Bottle with Straw & Customized Time Markers. Leakproof Tritan BPA Free Sport Water Jug Reusable Neoprene to Keep Women Men Drink Enough Water,B08PPB1P2W,https://m.media-amazon.com/images/I/81PlVP+E+IL._AC_UL320_.jpg,$29.99,True,,4.3 out of 5 stars,771
https://www.amazon.com/Konokyo-Insulated-Bottle-Bottles-Stainless/dp/B0C4T9WJ57/ref=sr_1_63?keywords=water+flask&qid=1708134257&sr=8-63,"Insulated Water Bottle with Straw,22oz 3 Lids Metal Bottles Stainless Steel Water Flask,Navy Blue",B0C4T9WJ57,https://m.media-amazon.com/images/I/61mNJi3FxRL._AC_UL320_.jpg,$13.40,True,List:$16.99,4.5 out of 5 stars,656
https://www.amazon.com/Hydrapak-UltraFlask-Speed-500ml-Collapsible/dp/B09NF3PJW4/ref=sr_1_64?keywords=water+flask&qid=1708134257&sr=8-64,"HydraPak UltraFlask Speed 500ml - Collapsible Soft Flask Water Bottle for Hydration Vests and Running Packs with Easy Open Cap (500 ml/17 oz),Malibu Blue",B09NF3PJW4,https://m.media-amazon.com/images/I/611rKy8AUQL._AC_UL320_.jpg,$22.00,True,,4.2 out of 5 stars,48
https://www.amazon.com/Insulated-Stainless-Brushes-BPA-free-Reusable/dp/B097DZMZ86/ref=sr_1_65?keywords=water+flask&qid=1708134257&sr=8-65,"64 oz Insulated Water Bottle, Half Gallon Vacuum Stainless Steel Sports Water Jug with 3 Lids & Brush, BPA-free Reusable Double Walled Mug Gym Keg for Sports Outdoor Camping, Black",B097DZMZ86,https://m.media-amazon.com/images/I/71bmIf1fX0L._AC_UL320_.jpg,$34.97,True,Join Prime to buy this item at $26.23,4.7 out of 5 stars,2334
https://www.amazon.com/SASEUM-Insulated-Stainless-Leak-proof-Dark-Blue/dp/B0BJPF15ZK/ref=sr_1_66?keywords=water+flask&qid=1708134257&sr=8-66,"Insulated Stainless Steel Water Bottles 32oz with Spout Lids Metal Vacuum Thermal Large Water Jug Leak-proof Reusable Flask for Sports Gym and Travel,Dark-Blue",B0BJPF15ZK,https://m.media-amazon.com/images/I/517FFg3MnbL._AC_UL320_.jpg,$21.99,True,Prime members save more on this item,4.3 out of 5 stars,57
https://www.amazon.com/sspa/click?ie=UTF8&spc=MTo0MDMwMTc2MjUzMDExMDQ3OjE3MDgxMzQyNTc6c3BfbXRmOjMwMDExOTIwNDQwMzUwMjo6MDo6&url=%2FShaker-Bottle-Purple-Orange-Protein%2Fdp%2FB0CQJG13JW%2Fref%3Dsr_1_67_sspa%3Fkeywords%3Dwater%2Bflask%26qid%3D1708134257%26sr%3D8-67-spons%26sp_csd%3Dd2lkZ2V0TmFtZT1zcF9tdGY%26psc%3D1,"Shaker Bottle 8 Color Pack (Pink,Green,Purple,Black,White,Red,Blue,Orange) w. Scale 12oz & 400ml for Protein Drink Mix - BPA Free,Classic Loop,Dishwasher Safe,Leak Proof,Stainless Whisk Blender Ball",B0CQJG13JW,https://m.media-amazon.com/images/I/71G-TiHZUZL._AC_UL320_.jpg,$49.99,False,,4.3 out of 5 stars,1383
https://www.amazon.com/sspa/click?ie=UTF8&spc=MTo0MDMwMTc2MjUzMDExMDQ3OjE3MDgxMzQyNTc6c3BfbXRmOjIwMDEzODIwMDI5MjA5ODo6MDo6&url=%2FIron-Flask-Sports-Water-Bottle%2Fdp%2FB07X7SLBG6%2Fref%3Dsr_1_68_sspa%3Fkeywords%3Dwater%2Bflask%26qid%3D1708134257%26sr%3D8-68-spons%26sp_csd%3Dd2lkZ2V0TmFtZT1zcF9tdGY%26psc%3D1,"IRON Â°FLASK Sports Water Bottle - 32 Oz 3 Lids (Straw Lid), Leak Proof - Stainless Steel Gym & Sport Bottles for Men, Women & Kids - Double Walled, Insulated Thermos, Metal Canteen",B07X7SLBG6,https://m.media-amazon.com/images/I/81x5i3S4M4L._AC_UL320_.jpg,$21.56,True,"Buy 2, save 3%$26.95",4.8 out of 5 stars,134479
https://www.amazon.com/sspa/click?ie=UTF8&spc=MTo0MDMwMTc2MjUzMDExMDQ3OjE3MDgxMzQyNTc6c3BfbXRmOjMwMDA1NzUxODE3MDIwMjo6MDo6&url=%2FAceTreker-Insulated-Stainless-Carrying-Paracord%2Fdp%2FB0CJF2L6YC%2Fref%3Dsr_1_69_sspa%3Fkeywords%3Dwater%2Bflask%26qid%3D1708134257%26sr%3D8-69-spons%26sp_csd%3Dd2lkZ2V0TmFtZT1zcF9tdGY%26psc%3D1,"40 oz 64 oz Insulated Water Bottle with Straw, Keep Cold-48H Hot-24H, Stainless Steel Metal Water Jug with Sleeve, Paracord Handle and Protective Mat for Sports Travel Hiking Cycling",B0CJF2L6YC,https://m.media-amazon.com/images/I/71qEZb02nAL._AC_UL320_.jpg,$39.99,True,10% coupon applied at checkoutSave 10% with coupon (some sizes/colors),4.4 out of 5 stars,44
https://www.amazon.com/sspa/click?ie=UTF8&spc=MTo0MDMwMTc2MjUzMDExMDQ3OjE3MDgxMzQyNTc6c3BfbXRmOjIwMDE1NjY5NDAzNjk5ODo6MDo6&url=%2FFITLY-Soft-Flask-Hydration-Climbing%2Fdp%2FB0BBG8QG53%2Fref%3Dsr_1_70_sspa%3Fkeywords%3Dwater%2Bflask%26qid%3D1708134257%26sr%3D8-70-spons%26sp_csd%3Dd2lkZ2V0TmFtZT1zcF9tdGY%26psc%3D1,"Soft Flask - 17 oz (500 ml) - Shrink As You Drink Soft Water Bottle for Hydration Pack/Running Vest With Hydration Tube - Folding Water Bottle for Running, Hiking - Ski Water Bottles (FLASK500)",B0BBG8QG53,https://m.media-amazon.com/images/I/81HadHVUTHL._AC_UL320_.jpg,8 sizes,False,,4.0 out of 5 stars,2102
https://www.amazon.com/Hydro-Flask-Lightweight-Wide-Celestine/dp/B0B12L7PDW/ref=sr_1_71?keywords=water+flask&qid=1708134257&sr=8-71,Hydro Flask Trail Series Lightweight Water Bottle with Wide Mout Flex Cap and Double-Wall Vacuum Insulation,B0B12L7PDW,https://m.media-amazon.com/images/I/51NIbcf6L5L._AC_UL320_.jpg,,False,,4.7 out of 5 stars,637
https://www.amazon.com/memobottle-A7/dp/B077927XQP/ref=sr_1_72?keywords=water+flask&qid=1708134257&sr=8-72,A7 memobottle - The Flat Water Bottle Designed to fit in Your Bag | BPA Free | 6oz (180ml),B077927XQP,https://m.media-amazon.com/images/I/51pEYcRtqcL._AC_UL320_.jpg,4 sizes,True,,4.4 out of 5 stars,1569
https://www.amazon.com/Coleman-FreeFlow-AUTOSEAL-Insulated-Stainless/dp/B076JLCN2D/ref=sr_1_73?keywords=water+flask&qid=1708134257&sr=8-73,"Coleman FreeFlow Vacuum-Insulated Stainless Steel Water Bottle with Leak-Proof Lid, 24oz/40oz Bottle with Button-Operated Lid & Carry Handle, Keeps Drinks Hot or Cold for Hours",B076JLCN2D,https://m.media-amazon.com/images/I/71zYPI9ovDL._AC_UL320_.jpg,$23.90,True,,4.7 out of 5 stars,13727
https://www.amazon.com/Running-Water-Bottle-Handheld-Collapses/dp/B0BQM8617H/ref=sr_1_74?keywords=water+flask&qid=1708134257&sr=8-74,"Running Water Bottle Hand Held- Flexible Running Bottle| Collapses As You Drink, Soft Flask Running Bottles, Handheld Water Bottles for Runners Water Bottle, Soft Water Bottles (5oz-Twin)",B0BQM8617H,https://m.media-amazon.com/images/I/61-U2hSwhYL._AC_UL320_.jpg,4 sizes,True,,4.2 out of 5 stars,205
https://www.amazon.com/Kerilyn-Stainless-bottle-Rotating-Insulated/dp/B0C9Q68JJC/ref=sr_1_75?keywords=water+flask&qid=1708134257&sr=8-75,"Stainless Steel Water bottle with Straw & Wide Mouth Lid, Wide Rotating Handle, 40oz Double Wall Vacuum Insulated Water Bottle Leak Proof, BPA Free, Keep Cold and Hot, 40oz, White",B0C9Q68JJC,https://m.media-amazon.com/images/I/519YTJ7qMkL._AC_UL320_.jpg,$13.59,True,,4.2 out of 5 stars,459
https://www.amazon.com/Hydro-Flask-Mouth-Water-Bottle/dp/B083ZGX8QG/ref=sr_1_76?keywords=water+flask&qid=1708134257&sr=8-76,Hydro Flask Wide Mouth Straw Lid,B083ZGX8QG,https://m.media-amazon.com/images/I/41t2mtkBA2L._AC_UL320_.jpg,$39.45,True,List:$54.95,4.8 out of 5 stars,25419
https://www.amazon.com/ALLKELR-Portable-Plastic-Camping-Fitness/dp/B0C2VLKBHP/ref=sr_1_77?keywords=water+flask&qid=1708134257&sr=8-77,"Portable Flat Water Bottle, BPA Free Tritan Plastic Travel Water Bottle for Camping, Fitness, Outdoor Sports, Fits Purse and Pocket (White, 12 oz)",B0C2VLKBHP,https://m.media-amazon.com/images/I/41fw8RTTB7L._AC_UL320_.jpg,2 sizes,True,,4.5 out of 5 stars,148
https://www.amazon.com/Ello-Cooper-Insulated-Stainless-Antigua/dp/B07XZNRR7Q/ref=sr_1_78?keywords=water+flask&qid=1708134257&sr=8-78,"Ello Cooper Stainless Steel Water Bottle with Straw and Carry Handle, Double Walled and Vacuum Insulated Metal, Leak Proof Locking Lid with Soft Silicone Spout, Reusable, BPA Free, 22oz, 32oz, 40oz",B07XZNRR7Q,https://m.media-amazon.com/images/I/51TfX4mjdAL._AC_UL320_.jpg,$19.99,True,,4.6 out of 5 stars,10040
https://www.amazon.com/Reebok-Stainless-Bottle-Athletic-Design/dp/B0C9KQRVM9/ref=sr_1_79?keywords=water+flask&qid=1708134257&sr=8-79,"Reebok Stainless Steel Water Bottle With Straw & Athletic Design - Insulated Water Bottles 32 oz - Double Wall Vacuum Insulated Sports Water Bottle With Straw, BPA Free (White)",B0C9KQRVM9,https://m.media-amazon.com/images/I/61Hs95SVyIL._AC_UL320_.jpg,2 sizes,True,,4.4 out of 5 stars,211
https://www.amazon.com/ABOTOCUP-Bottle-Stainless-Insulated-Leak-proof/dp/B0C99835HM/ref=sr_1_80?keywords=water+flask&qid=1708134257&sr=8-80,"32oz Water Bottle with Powder Coated, Fit in Any Car Cup Holder, Water Bottle with Straw Lids, Stainless Steel Insulated Water Flask Double Wall Leak-proof BPA Free to Keep Cold&Hot",B0C99835HM,https://m.media-amazon.com/images/I/61FSZupGoZL._AC_UL320_.jpg,$24.99,True,$2.00 coupon applied at checkoutSave $2.00 with coupon$34.99,4.6 out of 5 stars,403
https://www.amazon.com/Coolflask-Insulated-Leather-Contrast-Stainless/dp/B0BX47XLJ4/ref=sr_1_81?keywords=water+flask&qid=1708134257&sr=8-81,"Coolflask Half Gallon Water Bottle Insulated with PU Leather Sleeve, 64 oz Water Bottle Color Contrast with Straw Lids, Stainless Steel Metal Large Water Jug, Keep Cold 48h Hot 24h,Lilac Purple",B0BX47XLJ4,https://m.media-amazon.com/images/I/61ZH00aphUL._AC_UL320_.jpg,$33.99,True,5% coupon applied at checkoutSave 5% with coupon,4.6 out of 5 stars,635
https://www.amazon.com/IRON-%C2%B0FLASK-Kids-Water-Bottle/dp/B0CRSQ9R6P/ref=sr_1_82?keywords=water+flask&qid=1708134257&sr=8-82,"IRON Â°FLASK Kids Water Bottle - 18 Oz, Straw Lid, 20 Name Stickers, Vacuum Insulated Stainless Steel, Double Walled Tumbler Travel Cup, Thermo Mug, Metal Canteen, Fire Red",B0CRSQ9R6P,https://m.media-amazon.com/images/I/71GEPzq6xrL._AC_UL320_.jpg,$19.95,True,,4.7 out of 5 stars,4590
https://www.amazon.com/BJPKPK-Water-Bottle-Macaron-Navy-Blue/dp/B09KXSPT89/ref=sr_1_83?keywords=water+flask&qid=1708134257&sr=8-83,"BJPKPK Water Bottle with Straw Lid, 15oz Insulated Water Bottle, Stainless Steel Metal Water Bottles, Reusable Leak Proof BPA Free Thermos, Flask, Cups, Macaron-Navy Blue",B09KXSPT89,https://m.media-amazon.com/images/I/81scsyNKyQL._AC_UL320_.jpg,$13.94,True,List:$15.99,4.4 out of 5 stars,1782
https://www.amazon.com/GOPPUS-Insulated-Stainless-Reusable-Leakproof/dp/B0BVQCT4RP/ref=sr_1_84?keywords=water+flask&qid=1708134257&sr=8-84,"GOPPUS 20oz Insulated Stainless Steel Water Bottle with Straw Lid Reusable Leakproof Water Flask, Keeps Hot and Cold Sports Canteen Water Bottles for Kids Men Women Gym",B0BVQCT4RP,https://m.media-amazon.com/images/I/71dR0EH7J1L._AC_UL320_.jpg,$9.99,True,,4.6 out of 5 stars,2395
https://www.amazon.com/Amazon-Basics-Hydration-3-54x3-3x10-7inch-Grey/dp/B081BM2VKQ/ref=sr_1_85?keywords=water+flask&qid=1708134257&sr=8-85,"Amazon Basics Stainless Steel Insulated Water Bottle With Spout Lid, 30-Ounce, Gray",B081BM2VKQ,https://m.media-amazon.com/images/I/71t8zZuv+aL._AC_UL320_.jpg,$17.29,True,Typical:$0.58,4.4 out of 5 stars,3080
https://www.amazon.com/Konokyo-Insulated-Bottle-Stainless-Bottles/dp/B0C36ZP4ZP/ref=sr_1_86?keywords=water+flask&qid=1708134257&sr=8-86,"Insulated Water Bottle with Strap,18oz Double Wall Stainless Steel Vacuum Bottles Metal Water Flask,Coral",B0C36ZP4ZP,https://m.media-amazon.com/images/I/615OkH7lSIL._AC_UL320_.jpg,$7.93,True,List:$13.99,4.6 out of 5 stars,157
https://www.amazon.com/Revelist-Insulated-Water-Bottle-Stainless/dp/B09JCRD7VK/ref=sr_1_87?keywords=water+flask&qid=1708134257&sr=8-87,"Revelist Sports Water Bottle - 32 Oz, 3 Lids (Straw Lid, Spout & Screw Top) with Boot, Vacuum Insulated Stainless Steel, Double Walled, Reusable Water Flask, Metal Canteen - Obsidian Black",B09JCRD7VK,https://m.media-amazon.com/images/I/71ggC16X9kL._AC_UL320_.jpg,$19.99,True,List:$35.95,4.7 out of 5 stars,2479
https://www.amazon.com/Vacuum-Insulated-Water-Bottle-40oz/dp/B0B8Y6SZ73/ref=sr_1_88?keywords=water+flask&qid=1708134257&sr=8-88,"Vacuum Insulated Water Bottle 40oz - with Straw & Spout Lids, Paracord Handle, Shoulder Carrier Bag, Sport Stainless Steel , Double-wall Metal Water Bottle Thermo Hydro Mug Flask",B0B8Y6SZ73,https://m.media-amazon.com/images/I/71OAxWUrMwL._AC_UL320_.jpg,$32.99,True,Join Prime to buy this item at $29.69$1.99,4.6 out of 5 stars,3095
https://www.amazon.com/Insulated-Coolflask-Reusable-Stainless-Turquoise/dp/B09K3B61VJ/ref=sr_1_89?keywords=water+flask&qid=1708134257&sr=8-89,"Coolflask 64 oz Water Bottle Insulated with Straw&3 Lids, Half Gallon Water Jug Galaxy Large Metal Stainless Steel Vacuum Flask for Gym, Sports and Travel, Keep Cold 48H Hot 24H,Turquoise",B09K3B61VJ,https://m.media-amazon.com/images/I/81juGtbc3eL._AC_UL320_.jpg,$28.99,True,5% coupon applied at checkoutSave 5% with coupon,4.7 out of 5 stars,1360
https://www.amazon.com/LARS-NYS%C3%98M-Stainless-Insulated-Beverages/dp/B08CRWCC4B/ref=sr_1_90?keywords=water+flask&qid=1708134257&sr=8-90,"LARS NYSÃM Stainless Steel Insulated Water Bottle 12oz 17oz 25oz 34oz 51oz | BPA-free Insulated Thermo Flask for Hot and Cold Beverages | Leakproof Drinking Bottle (Sage, 17oz)",B08CRWCC4B,https://m.media-amazon.com/images/I/51aUd1qTujL._AC_UL320_.jpg,$21.99,True,,4.6 out of 5 stars,3846
https://www.amazon.com/SUNWILL-Insulated-Bottle-Vacuum-Stainless/dp/B0BYJDCQ9Z/ref=sr_1_91?keywords=water+flask&qid=1708134257&sr=8-91,"SUNWILL Insulated Water Bottle with Straw, 32 oz Vacuum Stainless Steel Metal Sports Water Bottle with Straw and Spout lid, Wide Mouth, Leak proof, Powder Coated Black",B0BYJDCQ9Z,https://m.media-amazon.com/images/I/610wU+WvldL._AC_UL320_.jpg,$11.99,True,,4.7 out of 5 stars,310
https://www.amazon.com/Hydro-Flask-Standard-Mouth-Straw/dp/B09SQQJ92S/ref=sr_1_92?keywords=water+flask&qid=1708134257&sr=8-92,Hydro Flask 24 Oz Stainless Steel Standard Water Mouth Bottle with Flex Straw Cap and Double-Wall Vacuum Insulation,B09SQQJ92S,https://m.media-amazon.com/images/I/61Qi0lsEzhL._AC_UL320_.jpg,$44.95,True,,4.7 out of 5 stars,2808
https://www.amazon.com/Insulated-Reusable-Stainless-Bottles-Camping/dp/B0CL9HJBYY/ref=sr_1_93?keywords=water+flask&qid=1708134257&sr=8-93,"Insulated Water Bottle with Spout Lid, Reusable Stainless Steel Water Bottles with Handle, Leak Proof Sports Water Flask for Gym, Travel, Bike, Camping 22oz(Blue Purple)",B0CL9HJBYY,https://m.media-amazon.com/images/I/61Oh0QHWQtL._AC_UL320_.jpg,$14.97,True,List:$16.97,4.8 out of 5 stars,120
https://www.amazon.com/Stanley-Legendary-Classic-Canteen-Bottle/dp/B0BW8ZSFR9/ref=sr_1_94?keywords=water+flask&qid=1708134257&sr=8-94,Stanley Legendary Classic Canteen Water,B0BW8ZSFR9,https://m.media-amazon.com/images/I/61j4Yc60OGL._AC_UL320_.jpg,$32.00,True,,4.3 out of 5 stars,180
https://www.amazon.com/Hydrapeak-Insulated-Water-Bottle-Stainless/dp/B0B6WSJPW3/ref=sr_1_95?keywords=water+flask&qid=1708134257&sr=8-95,"Hydrapeak 72 oz Large Insulated Water Bottle, Leak Proof Water Bottle for Hot & Cold Liquid, 72oz Water Bottles, Water Jug, Stainless Steel (Black)",B0B6WSJPW3,https://m.media-amazon.com/images/I/71ugf5Zx+LL._AC_UL320_.jpg,$29.95,True,,4.7 out of 5 stars,480
https://www.amazon.com/BJPKPK-Insulated-Bottles-Stainless-Black/dp/B0CHRBLQ11/ref=sr_1_96?keywords=water+flask&qid=1708134257&sr=8-96,"BJPKPK 2 Pack Insulated Water Bottles with Straw Lids, 40oz Stainless Steel Metal Water Bottle with 6 Lids, Leak Proof BPA Free Thermos, Cups, Flasks for School, Travel, Sports (Oasis+Black)",B0CHRBLQ11,https://m.media-amazon.com/images/I/61ja9N2OdJL._AC_UL320_.jpg,$28.00,True,List:$14.00,4.8 out of 5 stars,504
https://www.amazon.com/TRIWONDER-Folding-BPA-Free-Collapsible-Hydration/dp/B06XRWF1DR/ref=sr_1_97?keywords=water+flask&qid=1708134257&sr=8-97,TRIWONDER TPU Soft Folding Water Bottles BPA-Free Collapsible Flask for Hydration Pack - Ideal for Running Hiking Cycling Climbing (500ml/16.9oz - Pack of 2),B06XRWF1DR,https://m.media-amazon.com/images/I/61fgFNo4nYL._AC_UL320_.jpg,$18.99,True,($9.50$9.50/Count)$9.50,4.1 out of 5 stars,3671
https://www.amazon.com/honogo-Powder-Insulated-Stainless-Thermos/dp/B0C9CMT82V/ref=sr_1_98?keywords=water+flask&qid=1708134257&sr=8-98,"32 oz Powder Coated Double Wall Vacuum Insulated Sports Water Bottle, 18/8 Stainless Steel Wide Mouth Thermos Flask with Straw Lid & Spout Lid, Leak Proof, Sweat Free, BPA Free (Pink, 32 oz)",B0C9CMT82V,https://m.media-amazon.com/images/I/51bOcTc8TWL._AC_UL320_.jpg,$19.88,True,6% coupon applied at checkoutSave 6% with coupon$21.66,4.6 out of 5 stars,485
https://www.amazon.com/STANLEY-Adventure-Bottle-25oz-Blue/dp/B0C44CQ3MP/ref=sr_1_99?keywords=water+flask&qid=1708134257&sr=8-99,Stanley Adventure to Go Insulated Travel Tumbler â 25oz - Leak-Resistant Stainless Steel Insulated Bottle with Insulated Cup Lid and Splash-Free Stopper,B0C44CQ3MP,https://m.media-amazon.com/images/I/51zeoYJJe9L._AC_UL320_.jpg,$28.00,True,,3.8 out of 5 stars,25
https://www.amazon.com/Drinco-Vacuum-Insulated-Stainless-Bottle/dp/B07DKJGVN3/ref=sr_1_100?keywords=water+flask&qid=1708134257&sr=8-100,"DRINCO Stainless Steel Water Bottle Spout Lid Vacuum Insulated Double Wall Water Bottle Wide Mouth (40oz 32oz 22oz 18oz 14oz) Leak Proof Keep Cold Sport Camping Hiking (22 oz, 22oz Purple)",B07DKJGVN3,https://m.media-amazon.com/images/I/81FaAGL0ofL._AC_UL320_.jpg,$22.95,True,,4.7 out of 5 stars,5620
https://www.amazon.com/Ultimate-Direction-Body-Bottle-Backpacking/dp/B0CKJ3V2DH/ref=sr_1_101?keywords=water+flask&qid=1708134257&sr=8-101,"Ultimate Direction Body Bottle V3 - Soft Sided Water Bottle for Running, Marathons, Backpacking, 500mL Volume, BPA Free, Hot or Cold Compatible",B0CKJ3V2DH,https://m.media-amazon.com/images/I/4109j7tDKoL._AC_UL320_.jpg,$18.66,True,List:$29.95,5.0 out of 5 stars,2
https://www.amazon.com/Bottles-Running-Hydration-Camping-Collapsible/dp/B0CF3X9LZR/ref=sr_1_102?keywords=water+flask&qid=1708134257&sr=8-102,"Fit Flask Soft Water Bottles, Running Hydration Water Bottle, Camping Flask, Collapsible - Ideal for travel, outdoor/indoor activities and everyday use, 2 Pack BPA-Free, 8.45oz/250ml",B0CF3X9LZR,https://m.media-amazon.com/images/I/61N2YlEvpgL._AC_UL320_.jpg,2 sizes,True,List:$15.99,3.6 out of 5 stars,10
https://www.amazon.com/YEBTS-Life-Insulated-Stainless-Camping/dp/B0C65FQDD7/ref=sr_1_103?keywords=water+flask&qid=1708134257&sr=8-103,"Insulated Water Bottle With Straw,32 oz Vacuum Insulated Stainless Steel Sports Water Flask with 2 Lids & 2 Straws,Keeps Cold and Hot,Metal Water Bottle Wide Mouth for Gym Travel Camping",B0C65FQDD7,https://m.media-amazon.com/images/I/71DS+dEGbpL._AC_UL320_.jpg,$13.99,True,20% coupon applied at checkoutSave 20% with coupon,4.6 out of 5 stars,70
https://www.amazon.com/EALGRO-Gallon-Insulated-Stainless-Thermal/dp/B0BR7QK1DX/ref=sr_1_104?keywords=water+flask&qid=1708134257&sr=8-104,"Half Gallon Insulated Water Bottle Jug with Straw, 64 oz Large Stainless Steel Sports Metal Water Flask with Handle, Thermal Water Cup Mug with 2 Lids, Black",B0BR7QK1DX,https://m.media-amazon.com/images/I/61c08QS0k7L._AC_UL320_.jpg,$26.99,True,Join Prime to buy this item at $22.94,4.6 out of 5 stars,379
https://www.amazon.com/Trebo-Food-grade-Stainless-Insulated-Leakproof/dp/B09MCVTMMK/ref=sr_1_105?keywords=water+flask&qid=1708134257&sr=8-105,"Trebo Water Bottle 64oz with Paracord Handle, Half Gallon Food-grade Double Wall Vacuum Stainless Steel Insulated Jug with Straw Spout Handle Lids, Leakproof Keep Cold & Hot, Ombre: Indigo/Black",B09MCVTMMK,https://m.media-amazon.com/images/I/81myRfOQIpL._AC_UL320_.jpg,$34.99,True,Join Prime to buy this item at $29.74$43.99,4.7 out of 5 stars,4384
https://www.amazon.com/Dione-Stainless-Insulation-Container-Standard/dp/B07C8CCWQW/ref=sr_1_106?keywords=water+flask&qid=1708134257&sr=8-106,"Water Bottle 40 oz. Flask Double Wall Stainless Steel & Vacuum Insulated (Black) Sport Hydro Container (Standard Mouth/Leak Proof/BPA Free Cap), (MB000315)",B07C8CCWQW,https://m.media-amazon.com/images/I/51TwrbdPUML._AC_UL320_.jpg,$7.95,True,List:$15.90,4.1 out of 5 stars,266
https://www.amazon.com/Hans-Bottle-Sports-Water-Insulated/dp/B0BN773Y2C/ref=sr_1_107?keywords=water+flask&qid=1708134257&sr=8-107,"Sports Water Bottle - 24 Oz, Straw Lid, Leak Proof, Vacuum Insulated Stainless Steel, Double Walled, Thermo Mug,Black",B0BN773Y2C,https://m.media-amazon.com/images/I/81P5uSW4-XL._AC_UL320_.jpg,$11.99,True,Typical:$12.99,4.6 out of 5 stars,1060
https://www.amazon.com/RRYFOUR-Stainless-Bottle-Cycling-Camping/dp/B0C1GMR3G4/ref=sr_1_108?keywords=water+flask&qid=1708134257&sr=8-108,"64 OZ Stainless Steel Water Bottle for Cycling, Camping, Hiking",B0C1GMR3G4,https://m.media-amazon.com/images/I/71VV8RLKfnL._AC_UL320_.jpg,3 sizes,True,Join Prime to buy this item at $33.99$39.99,4.8 out of 5 stars,232
https://www.amazon.com/Thermos-Stainless-Ounce-Beverage-Bottle/dp/B01DZQT3IU/ref=sr_1_97?keywords=water+flask&qid=1708134961&sr=8-97,"THERMOS Stainless King Vacuum-Insulated Beverage Bottle, 40 Ounce, Matte Steel",B01DZQT3IU,https://m.media-amazon.com/images/I/61iAF0pBz2L._AC_UL320_.jpg,$36.20,True,($4.53$4.53/Ounce)$4.53,4.7 out of 5 stars,18985
https://www.amazon.com/Dusgut-Portable-Insulated-Stainless-Reusable/dp/B096RC6JRN/ref=sr_1_98?keywords=water+flask&qid=1708134961&sr=8-98,"Dusgut Water Bottles with Portable Lid, BPA Free, Hydro Insulated Thermal Flask for Hot or Cold Drinks 350ml Stainless Steel Metal Reusable Water Bottle for Kids, Adults, Midnight Black",B096RC6JRN,https://m.media-amazon.com/images/I/61+FVKaLynL._AC_UL320_.jpg,$12.99,True,,4.4 out of 5 stars,902
https://www.amazon.com/Senbowe-Insulated-Bottle-Stainless-Running/dp/B0BY8QTSXP/ref=sr_1_99?keywords=water+flask&qid=1708134961&sr=8-99,"Senbowe 40 oz Insulated Water Bottle With Straw, Stainless Steel Leak Proof Vacuum Sports Water Flask with 3 Lids (Straw, Spout and Handle Lid), Keeps Cold and Hot, Great for Hiking, Biking, Running",B0BY8QTSXP,https://m.media-amazon.com/images/I/71LJujXOPzL._AC_UL320_.jpg,$13.99,True,5% coupon applied at checkoutSave 5% with coupon,4.6 out of 5 stars,159
https://www.amazon.com/SUNWILL-Insulated-Stainless-Reusable-Thermal/dp/B0BYJFY7B7/ref=sr_1_100?keywords=water+flask&qid=1708134961&sr=8-100,"SUNWILL Insulated Water Bottle with Straw 32oz, Stainless Steel Travel Water Bottle, Reusable Wide Mouth Flask with 2 Lids (Straw & Spout Lid), Leak Proof BPA Free Thermal Canteen, Navy",B0BYJFY7B7,https://m.media-amazon.com/images/I/617cxC7NaQL._AC_UL320_.jpg,$9.99,True,,4.7 out of 5 stars,310
https://www.amazon.com/COKTIK-Stainless-Insulated-Leakproof-Lightweight/dp/B09ZV2PS76/ref=sr_1_101?keywords=water+flask&qid=1708134961&sr=8-101,"COKTIK 40 oz Sports Water Bottle With Straw,3 Lids, Stainless Steel Vacuum Insulated Water Bottles,Leakproof Lightweight, Keeps Cold and Hot, Great for Travel, Hiking, Biking, Running(White)",B09ZV2PS76,https://m.media-amazon.com/images/I/61ZlbvXFmML._AC_UL320_.jpg,$21.97,True,,4.7 out of 5 stars,2703
https://www.amazon.com/ThermoFlask-Stainless-Bottle-2-Pack-Aquamarine/dp/B0C7H8HGP2/ref=sr_1_102?keywords=water+flask&qid=1708134961&sr=8-102,"ThermoFlask 16oz Stainless Steel Water Bottle, 2-Pack, Red and Aquamarine",B0C7H8HGP2,https://m.media-amazon.com/images/I/61JY4SX4FVL._AC_UL320_.jpg,$23.98,True,,4.6 out of 5 stars,75
https://www.amazon.com/Hydro-Flask-Mouth-Straw-Snapper/dp/B09SQQ3Q5H/ref=sr_1_103?keywords=water+flask&qid=1708134961&sr=8-103,Hydro Flask Kids Wide Mouth Straw Lid and Boot,B09SQQ3Q5H,https://m.media-amazon.com/images/I/51gTZOkZqjL._AC_UL320_.jpg,$27.94,True,List:$37.95,4.7 out of 5 stars,835
https://www.amazon.com/HQAYW-Insulated-Stainless-Bottles-BPA-Free/dp/B0C545G4VX/ref=sr_1_104?keywords=water+flask&qid=1708134961&sr=8-104,"HQAYW 40 oz Insulated Water Bottle with Straw & 3 Lids, Stainless Steel Metal Water Bottles Double Wall Vacuum Water Flask for Sports, Gym or School, Leak Proof BPA-Free Keep Cold 48H Hot 24H",B0C545G4VX,https://m.media-amazon.com/images/I/71-5Oh+LvNL._AC_UL320_.jpg,$19.99,True,50% coupon applied at checkoutSave 50% with coupon,4.6 out of 5 stars,95
https://www.amazon.com/Fanhaw-Insulated-Water-Bottle-Straw/dp/B0BN17SQRH/ref=sr_1_105?keywords=water+flask&qid=1708134961&sr=8-105,Fanhaw 20 Oz Insulated Stainless Steel Water Bottle with Straw Lid - Leak & Sweat Proof with Anti-Dust Lid (Black),B0BN17SQRH,https://m.media-amazon.com/images/I/61jJkCwwNSL._AC_UL320_.jpg,4 sizes,True,,4.5 out of 5 stars,592
https://www.amazon.com/Lovell-Spring-Bottle-Neoprene-Sleeve/dp/B0CGJCJMWF/ref=sr_1_106?keywords=water+flask&qid=1708134961&sr=8-106,"Lovell & Spring Slim Water Bottle with Neoprene Sleeve â 14oz Flask for Daily Hydration, Travel â Non-BPA Smart Water Bottle Plastic Flask â Stylish and Elegant Design â Includes eBook",B0CGJCJMWF,https://m.media-amazon.com/images/I/71ydOvFWtyL._AC_UL320_.jpg,$15.99,True,,5.0 out of 5 stars,3
https://www.amazon.com/CIVAGO-Motivational-Leakproof-Canteen-Silicone/dp/B0CPJ8HZ8B/ref=sr_1_107?keywords=water+flask&qid=1708134961&sr=8-107,"CIVAGO 32 oz Glass Water Bottle with Straw and Handle, Large Sports Motivational Water Bottle Flask with Time Marker and 2 Lids, Leakproof Water Jug Canteen with Silicone Sleeve for Gym,Sageâ¦",B0CPJ8HZ8B,https://m.media-amazon.com/images/I/71oXQ2JM8oL._AC_UL320_.jpg,2 sizes,True,,4.5 out of 5 stars,216
https://www.amazon.com/HydraPak-SkyFlask-Speed-500ml-Lightweight/dp/B0CSRF9N81/ref=sr_1_108?keywords=water+flask&qid=1708134961&sr=8-108,"HydraPak SkyFlask Speed 500ml - Lightweight Collapsible Handheld Running Water Bottle Soft Flask - (500 ml/16 oz) - Adjustable Handstrap With Thumb Loop, Spill-Proof Cap, Malibu Blue",B0CSRF9N81,https://m.media-amazon.com/images/I/412LYWWKzwL._AC_UL320_.jpg,$24.86,True,,,21
https://www.amazon.com/Hydro-Flask-Lightweight-Stainless-Insulated/dp/B08WWPP42Z/ref=sr_1_109?keywords=water+flask&qid=1708134961&sr=8-109,Hydro Flask Trail Series Lightweight Water Bottle with Standard Flex Cap and Double-Wall Vacuum Insulation,B08WWPP42Z,https://m.media-amazon.com/images/I/51z--pUbkQL._AC_UL320_.jpg,$31.01,True,List:$39.95,4.5 out of 5 stars,134
https://www.amazon.com/Insulated-Stainless-Bottles-BPA-Free-Travel-Black/dp/B0CFLB5FZ9/ref=sr_1_110?keywords=water+flask&qid=1708134961&sr=8-110,"Insulated Water Bottle,17oz Stainless Steel Water Bottles with straw lid,Metal Sports Thermos Water Bottles for Boys,Girls,Double Wall Vacuum BPA-Free Flask for School, Sports & Travel-Black",B0CFLB5FZ9,https://m.media-amazon.com/images/I/61Lz4HdSSDL._AC_UL320_.jpg,$13.99,True,10% coupon applied at checkoutSave 10% with coupon,4.5 out of 5 stars,51
https://www.amazon.com/GAZLEMHO-Carrying-Stainless-Bottles-Carrier/dp/B0CM42NGZM/ref=sr_1_111?keywords=water+flask&qid=1708134961&sr=8-111,"128 oz Water Bottle Bag, Carrying Pouch for 1 Gallon Water Jug, One Gallon Water Flask, Stainless Steel Bottles Sleeve, Carrier Case",B0CM42NGZM,https://m.media-amazon.com/images/I/71Y53Ggu+-L._AC_UL320_.jpg,$16.99,True,,,21
https://www.amazon.com/HydraPak-Softflask-250ml-Collapsible-Nutrition/dp/B0BRBP8C97/ref=sr_1_112?keywords=water+flask&qid=1708134961&sr=8-112,HydraPak Softflask 250ml - Collapsible Trail Running Vest Soft Nutrition Flask Bottle - (250 ml/8 oz) Blue,B0BRBP8C97,https://m.media-amazon.com/images/I/61hHtM+LvWL._AC_UL320_.jpg,$15.00,True,,4.5 out of 5 stars,22
https://www.amazon.com/Stainless-Steel-Water-Bottle-Straw/dp/B09CDJCFW2/ref=sr_1_113?keywords=water+flask&qid=1708134961&sr=8-113,"Stainless Steel Water Bottle with Straw, Infuser & 3 Lids: 18/32 OZ Leak-Proof Vacuum Insulated ACTIVE FLASK Drinking Bottles Hot Cold: Double Walled Outdoor Drink Thermo Mug Tea Coffee Sport Gym Bike",B09CDJCFW2,https://m.media-amazon.com/images/I/81pajv5+0CL._AC_UL320_.jpg,2 sizes,True,,4.7 out of 5 stars,10034
https://www.amazon.com/Insulated-Paracord-Handles-Stainless-Reusable/dp/B0CB84FV7S/ref=sr_1_114?keywords=water+flask&qid=1708134961&sr=8-114,"32oz Insulated Water Bottle with Paracord Handles & Strap, 2 Lids(Straw Lid&Spout Lid), Stainless Steel Reusable Wide Mouth Metal Water Bottle With Straw, Double Walled, Thermo Mug,ï¼White Leoqard)",B0CB84FV7S,https://m.media-amazon.com/images/I/81w4JlmPpXL._AC_UL320_.jpg,$21.99,True,,4.6 out of 5 stars,905
https://www.amazon.com/Stainless-Insulated-Vacuum-Sports-Elevation/dp/B0CQGMXVT4/ref=sr_1_115?keywords=water+flask&qid=1708134961&sr=8-115,32oz Stainless Steel Insulated Vacuum Flask Sports Water Bottle | Hydro Elevation,B0CQGMXVT4,https://m.media-amazon.com/images/I/41AOljRmMjL._AC_UL320_.jpg,$14.99,True,List:$15.99,5.0 out of 5 stars,1
https://www.amazon.com/IRON-FLASK-Glass-Sports-Bottle/dp/B0CGDKYLX8/ref=sr_1_116?keywords=water+flask&qid=1708134961&sr=8-116,"IRON FLASK Glass Sports Water Bottle - 32 Oz Straw Lid, Airtight Leak Proof, Vacuum Insulated, Durable Borosilicate Glass, Silicone Sleeve, Retains Temperature - Valentines Day Gifts - Midnight Black",B0CGDKYLX8,https://m.media-amazon.com/images/I/61+ho0pRgxL._AC_UL320_.jpg,$21.95,True,List:$22.99,4.5 out of 5 stars,28
https://www.amazon.com/AceTreker-Insulated-Stainless-Carrying-Paracord/dp/B0CJF2L6YC/ref=sr_1_117?keywords=water+flask&qid=1708134961&sr=8-117,"40 oz 64 oz Insulated Water Bottle with Straw, Keep Cold-48H Hot-24H, Stainless Steel Metal Water Jug with Sleeve, Paracord Handle and Protective Mat for Sports Travel Hiking Cycling",B0CJF2L6YC,https://m.media-amazon.com/images/I/71qEZb02nAL._AC_UL320_.jpg,$39.99,True,10% coupon applied at checkoutSave 10% with coupon (some sizes/colors),4.4 out of 5 stars,44
https://www.amazon.com/Wanderlust-Reusable-Insulated-Stainless-Bottles/dp/B0CJW9VNW7/ref=sr_1_118?keywords=water+flask&qid=1708134961&sr=8-118,"Wanderlust 17 oz Water Bottle, Reusable Leak Proof Insulated Water Bottle, Stainless Steel Water Bottles, Water Flask, Water Bottles for School, Cola Shape Water Bottle - Sunburst",B0CJW9VNW7,https://m.media-amazon.com/images/I/71wBM325LqL._AC_UL320_.jpg,$7.99,True,List:$15.99,3.5 out of 5 stars,3
https://www.amazon.com/IRON-%C2%B0FLASK-Retro-Sports-Bottle/dp/B08964SN2C/ref=sr_1_119?keywords=water+flask&qid=1708134961&sr=8-119,"IRON Â°FLASK Retro Sports Water Bottle - 25 Oz, Vacuum Insulated Stainless Steel, Hot Cold, Double Walled, Thermo Mug, Cola Metal Canteen",B08964SN2C,https://m.media-amazon.com/images/I/71dh4ql-SHL._AC_UL320_.jpg,$9.95,True,,4.0 out of 5 stars,22
https://www.amazon.com/Fount-Flow-Insulated-water-bottle/dp/B0CCWQN8FG/ref=sr_1_120?keywords=water+flask&qid=1708134961&sr=8-120,"Insulated water bottles 32oz, 3 Lids (Straw Lid), Leak Proof water bottle flask - stainless steel water bottles, vacuum insulated water bottles, water bottles for school - flask water bottles",B0CCWQN8FG,https://m.media-amazon.com/images/I/61cJsJN9iJL._AC_UL320_.jpg,$19.98,True,,4.3 out of 5 stars,8
https://www.amazon.com/Insulated-Bottle-YONICOER-Stainless-Bottles/dp/B0BXKG3MSG/ref=sr_1_121?keywords=water+flask&qid=1708134961&sr=8-121,"Insulated Water Bottle,YONICOER 25Oz Double Walled Stainless Steel Metal Water Bottles, Vacuum Thermo Flasks for Daily Use, Sports, Gym, Travel,School",B0BXKG3MSG,https://m.media-amazon.com/images/I/61csb7rtFaL._AC_UL320_.jpg,$15.99,True,10% coupon applied at checkoutSave 10% with coupon,4.6 out of 5 stars,440
https://www.amazon.com/Vmini-Bottle-Insulated-Stainless-Gradient/dp/B07VD7MVVT/ref=sr_1_122?keywords=water+flask&qid=1708134961&sr=8-122,"Vmini Water Bottle with New Wide Handle Straw Lid, Wide Mouth Vacuum Insulated 18/8 Stainless Steel, 32 oz, Gradient Mint + Pink + Purple",B07VD7MVVT,https://m.media-amazon.com/images/I/716uU7wg6KL._AC_UL320_.jpg,$16.99,True,List:$21.99,4.7 out of 5 stars,31263
https://www.amazon.com/Domensi-Stainless-Beverage-Thermal-Insulated/dp/B0CLSBT14Z/ref=sr_1_123?keywords=water+flask&qid=1708134961&sr=8-123,2 Pcs Stainless Steel Beverage Bottle 17 oz/ 500 ml Thermal Water Bottle Sealed Hot Water Flask Vacuum Insulated Bottles for Travel Office Camping Hot and Cold Coffee Tea Drinks,B0CLSBT14Z,https://m.media-amazon.com/images/I/71kTu-XilnL._AC_UL320_.jpg,$19.99,True,,3.0 out of 5 stars,2
https://www.amazon.com/UTOBEST-Collapsible-Flexible-Hydration-BPA-Free/dp/B09ZTZHGZR/ref=sr_1_124?keywords=water+flask&qid=1708134961&sr=8-124,"UTOBEST Soft Flask Collapsible Running Water Bottle, Flexible TPU Folding Running Flask for Hydration Pack, Soft Flask Running Bottles for Hiking Cycling",B09ZTZHGZR,https://m.media-amazon.com/images/I/51wlx3wBviL._AC_UL320_.jpg,$14.99,True,,4.4 out of 5 stars,17
https://www.amazon.com/Navigate-Insulated-Bottle-Stainless-Sports/dp/B0CDLCDXJ8/ref=sr_1_125?keywords=water+flask&qid=1708134961&sr=8-125,"Insulated Water Bottle, 32 oz Stainless Steel Sports Water Flask with Spout & Handle Lids,Wide Mouth Water Jug with Double Walled Leak Proof Keep Cold for 24 Hrs Hot for 12 Hrs",B0CDLCDXJ8,https://m.media-amazon.com/images/I/61foGDTvR3L._AC_UL320_.jpg,$15.99,True,10% coupon applied at checkoutSave 10% with coupon$19.99,4.8 out of 5 stars,7
https://www.amazon.com/Mochic-Portable-Mug-Plastic-Travel/dp/B0CQ9WR8XJ/ref=sr_1_126?keywords=water+flask&qid=1708134961&sr=8-126,Mochic 13oz Portable Water Flask Flat Water Bottle for Purse Mug BPA Free A5 Slim Square Water Bottle White Flask Leak Proof Plastic Flask Bottle for Travel,B0CQ9WR8XJ,https://m.media-amazon.com/images/I/51Z8ipnVjVL._AC_UL320_.jpg,$24.99,False,,4.5 out of 5 stars,1438
https://www.amazon.com/Coolflask-Insulated-Bottle-Stainless-Double/dp/B0BQ6T2XQ7/ref=sr_1_127?keywords=water+flask&qid=1708134961&sr=8-127,"Coolflask Insulated Water Bottle 32 oz, Water Bottle with Straw and Strap, Metal Stainless Steel Water Flask Double Wall Vacuum Cold for 48 Hrs Hot for 24 Hrs, Polar Black",B0BQ6T2XQ7,https://m.media-amazon.com/images/I/71OjKc4bwoL._AC_UL320_.jpg,$22.21,True,Join Prime to buy this item at $19.99,4.3 out of 5 stars,164
https://www.amazon.com/Stainless-Steel-Water-Bottle-Insulated/dp/B0797D8MQH/ref=sr_1_128?keywords=water+flask&qid=1708134961&sr=8-128,"Greens Steel Stainless Steel Water Bottle - 12 oz, Steel | Vacuum Insulated Double Wall with Screw Lid/Leak Proof | Thermal Travel Sports Canteen Coffee Flask",B0797D8MQH,https://m.media-amazon.com/images/I/61riCP1neEL._AC_UL320_.jpg,$11.99,True,List:$19.00,4.6 out of 5 stars,1757
https://www.amazon.com/Vinsun-Sports-opening-Workout-Running/dp/B0C948SN1P/ref=sr_1_129?keywords=water+flask&qid=1708134961&sr=8-129,"Sports Water Bottle 32 Ounce with Strap - BPA Free, Leak Proof - One-Hand-Opening-Lid - Clear Water Flask for Workout, Running, Travel, Work",B0C948SN1P,https://m.media-amazon.com/images/I/61MDNS8kqTL._AC_UL320_.jpg,$15.99,True,List:$19.99,4.3 out of 5 stars,82
https://www.amazon.com/CIVAGO-Insulated-Bottle-Stainless-Thermal/dp/B0CG6C6F73/ref=sr_1_130?keywords=water+flask&qid=1708134961&sr=8-130,"CIVAGO 64 oz Insulated Water Bottle Jug with Straw and Handle, Half Gallon Stainless Steel Water Flask, Large Sports Metal Water Bottle with Straw Lid (3 Lids), Big Thermal Mug Cup, Indigo Black",B0CG6C6F73,https://m.media-amazon.com/images/I/81rJ-0fagAL._AC_UL320_.jpg,$27.99,True,$4.00 coupon applied at checkoutSave $4.00 with coupon,4.6 out of 5 stars,121
https://www.amazon.com/Reebok-Stainless-Bottle-Athletic-Design/dp/B0C9JWD2GN/ref=sr_1_131?keywords=water+flask&qid=1708134961&sr=8-131,"Reebok Stainless Steel Water Bottle With Athletic Design - Insulated Water Bottle 40 oz With Chug Lid - Double Wall Vaccum Insulated Sports Water Bottle, BPA Free (White)",B0C9JWD2GN,https://m.media-amazon.com/images/I/61jHrE1uapL._AC_UL320_.jpg,2 sizes,True,List:$26.99,4.5 out of 5 stars,87
https://www.amazon.com/Azarxis-Collapsible-Reservoir-Handheld-Hydration/dp/B07HRBVCJ1/ref=sr_1_132?keywords=water+flask&qid=1708134961&sr=8-132,Azarxis Soft Flask Collapsible Water Bottle Running Soft Gel Flask Reservoir Handheld Folding TPU 250 500ml for Hydration Pack Hiking Cycling Climbing (250ml/8.45oz - 2 Pack),B07HRBVCJ1,https://m.media-amazon.com/images/I/61E6cozaSNL._AC_UL320_.jpg,$14.99,True,$1.00 coupon applied at checkoutSave $1.00 with coupon$7.50,4.2 out of 5 stars,2900
https://www.amazon.com/Hydrapeak-Stainless-Steel-Vacuum-Insulated-BPA-Free-Leak-Proof/dp/B07WWDMWRT/ref=sr_1_133?keywords=water+flask&qid=1708134961&sr=8-133,"Hydrapeak 50oz Insulated Large Water Bottle - Leak Proof Stainless Steel Water Flask, Double Wall Vacuum Insulation Keeps Drinks COLD for 24 Hours and HOT for 12 Hours (Graphite)",B07WWDMWRT,https://m.media-amazon.com/images/I/61g7mG+ADKL._AC_UL320_.jpg,$26.95,True,,4.7 out of 5 stars,498
https://www.amazon.com/Running-Collapsible-Bottles-BPA-Free-Hydration/dp/B0CDGL11MY/ref=sr_1_134?keywords=water+flask&qid=1708134961&sr=8-134,Soft Running Water Flask Soft Flasks Collapsible Soft Water Bottles Small BPA-Free for Sports Hiking Hydration Pack 5oz/8oz/17oz,B0CDGL11MY,https://m.media-amazon.com/images/I/514BXZD7YWL._AC_UL320_.jpg,$8.99,True,,3.6 out of 5 stars,4
https://www.amazon.com/Hydro-Flask-Stainless-Insulated-Dishwasher/dp/B0BNLXKL98/ref=sr_1_135?keywords=water+flask&qid=1708134961&sr=8-135,Hydro Flask Wide Mouth Chug Cap,B0BNLXKL98,https://m.media-amazon.com/images/I/61pwXF2UgiL._AC_UL320_.jpg,,True,,4.6 out of 5 stars,264
https://www.amazon.com/GAZLEMHO-Insulated-64-Stainless-Paracord/dp/B0CL54WRK2/ref=sr_1_136?keywords=water+flask&qid=1708134961&sr=8-136,"Insulated Water Bottle 64 oz, Half Gallon Water Jug Cold 48H, BPA Free Stainless Steel Bottles with Straw/Chug 2-in-1 Lid, Bag, Paracord Handle, Silicone Boot, Sports Gym School Metal Flask",B0CL54WRK2,https://m.media-amazon.com/images/I/71U6giAycHL._AC_UL320_.jpg,2 sizes,True,Join Prime to buy this item at $29.89,4.0 out of 5 stars,18
https://www.amazon.com/WRELS-Portable-Collapsible-Lightweight-Mouthpeice/dp/B0BXH6BCCW/ref=sr_1_137?keywords=water+flask&qid=1708134961&sr=8-137,"Folding Soft Flask Portable Collapsible Running Lightweight Water Bottle for Outdoor Sports,Travel with Mouthpeice Cover(150ml-2 Packs)",B0BXH6BCCW,https://m.media-amazon.com/images/I/51WKzlGwGJL._AC_UL320_.jpg,$13.99,True,,4.5 out of 5 stars,54
https://www.amazon.com/WATERH-PureSip-Adapt-Replacement-Stainless/dp/B0CQ7PS6CY/ref=sr_1_138?keywords=water+flask&qid=1708134961&sr=8-138,"PureSip Adapt Water Bottle Straw Replacement and Filter, Stainless Steel Tumbler with Straw for WATERH Vita Bottle, Simple Modern, Stanley, Hydro Flask(3 Filter + 5 Straws)",B0CQ7PS6CY,https://m.media-amazon.com/images/I/5171Zz7yZmL._AC_UL320_.jpg,$19.99,True,,4.5 out of 5 stars,15
https://www.amazon.com/honogo-Double-Insulated-Stainless-Thermos/dp/B0CQT4FFDW/ref=sr_1_139?keywords=water+flask&qid=1708134961&sr=8-139,"40 oz Double Wall Insulated Sports Water Bottle for Men, Women & Kids, 18/8 Stainless Steel Wide Mouth Thermos Flask with Straw Lid & Spout Lid, Leak Proof, Keep Hot and Cold (Pink, 40 oz)",B0CQT4FFDW,https://m.media-amazon.com/images/I/51npDVdRojL._AC_UL320_.jpg,$22.88,True,8% coupon applied at checkoutSave 8% with coupon,4.6 out of 5 stars,485
https://www.amazon.com/Hydrapeak-Stainless-Leak-Proof-Spill-Proof-Camouflage/dp/B0CJ5YYD4L/ref=sr_1_140?keywords=water+flask&qid=1708134961&sr=8-140,"Hydrapeak Mini 20oz Kids Water Bottle with Straw Lid, Stainless Steel Double Wall Insulated Water Bottle for Kids | Leak-Proof and Spill-Proof Kids Water Bottle l Cold for 24 Hrs (Black Camouflage)",B0CJ5YYD4L,https://m.media-amazon.com/images/I/51SgPYf23DL._AC_UL320_.jpg,$18.95,True,List:$29.99,4.3 out of 5 stars,85
https://www.amazon.com/WATERH-PureSip-Adapt-Stainless-Replacement/dp/B0CP3MWQDB/ref=sr_1_141?keywords=water+flask&qid=1708134961&sr=8-141,"PureSip Adapt Water Bottle Stainless Steel Tumbler Straw Replacement for Vita, Simple Modern, Owala, Stanley, Hydro Flask(1 Filter + 5 Straws)",B0CP3MWQDB,https://m.media-amazon.com/images/I/51hqrGzlaGL._AC_UL320_.jpg,$19.99,True,,4.7 out of 5 stars,52
https://www.amazon.com/MUMIGUAN-Insulated-64-Stainless-Black/dp/B0CG627BBD/ref=sr_1_142?keywords=water+flask&qid=1708134961&sr=8-142,"Insulated Water Bottle 64 oz with Straw Lid (3 Lids), Half Gallon Jug Flask, Large Metal Stainless Steel Bottle, 64 oz Double Wall Vacuum Sports Thermo Mug, Cold 48H Hot 24H (Black)",B0CG627BBD,https://m.media-amazon.com/images/I/71hqJNuZadL._AC_UL320_.jpg,$23.99,True,List:$29.99,4.7 out of 5 stars,67
https://www.amazon.com/Mollcity-Insulated-Stainless-Lightweight-BPA-Free/dp/B0BGGH548H/ref=sr_1_143?keywords=water+flask&qid=1708134961&sr=8-143,16 oz Stainless Steel Vacuum Insulated Wide Mouth Sports Water Bottle for Back to School-Reusable Metal Water Bottle Flask with Straw for Girls-Mermaid,B0BGGH548H,https://m.media-amazon.com/images/I/71zblVNjUcL._AC_UL320_.jpg,$13.99,True,Typical:$16.99,4.6 out of 5 stars,192
https://www.amazon.com/Hydro-Flask-Bottle-Drying-Rack/dp/B0CK54NZW8/ref=sr_1_144?keywords=water+flask&qid=1708134961&sr=8-144,Hydro Flask Bottle Drying Rack,B0CK54NZW8,https://m.media-amazon.com/images/I/61iG14kVxlL._AC_UL320_.jpg,$33.95,True,List:$39.95,4.7 out of 5 stars,25
https://www.amazon.com/GIFZES-Stainless-Insulated-Creative-Leak-Resistant/dp/B0CRV41YJZ/ref=sr_1_145?dib=eyJ2IjoiMSJ9.IbDDdYrpvBDrE_jeai84EJzb4NQ4QGT6VL_bP45G-tlrK1wt5gEpA95e13ogLpz9KRWwlYrX3QknIia6t1xZR4BfuZbRRQmnM_0bn3wgiePP-I9h6oB0wDkLSuPaaFdYq3hDXCb4m_8WWgI3ax5CRAwhSLx92GtSMy2TdwCmG2HP5ghZlq_ChkDy6Uw_qeTRMKPPwhDu_x7hQO72XUkfGUNtfgqTlzR78LRZg4-S_ftcfzGv2aIFaNEe_WkEj7NHBuXHyU0254GA0YUCGdZ9_4eWc87A8vG51IHVEQWJCLQ.MVW430A1yF0edgsiR54B_ytD4EcnsXLWx9a81PtrjVo&dib_tag=se&keywords=water+flask&qid=1708135542&sr=8-145,Vacuum Cup Vacuum Flask Stainless Steel Insulated Water Bottle Creative Shape Bpa Leak-Resistant Coffee Tumbler Black 500ML,B0CRV41YJZ,https://m.media-amazon.com/images/I/51Awzxn6iyL._AC_UL320_.jpg,$16.69,False,,,199
https://www.amazon.com/Happyyami-Backpacks-Container-Drinking-re-usable/dp/B0CPVQ2J6M/ref=sr_1_146?dib=eyJ2IjoiMSJ9.IbDDdYrpvBDrE_jeai84EJzb4NQ4QGT6VL_bP45G-tlrK1wt5gEpA95e13ogLpz9KRWwlYrX3QknIia6t1xZR4BfuZbRRQmnM_0bn3wgiePP-I9h6oB0wDkLSuPaaFdYq3hDXCb4m_8WWgI3ax5CRAwhSLx92GtSMy2TdwCmG2HP5ghZlq_ChkDy6Uw_qeTRMKPPwhDu_x7hQO72XUkfGUNtfgqTlzR78LRZg4-S_ftcfzGv2aIFaNEe_WkEj7NHBuXHyU0254GA0YUCGdZ9_4eWc87A8vG51IHVEQWJCLQ.MVW430A1yF0edgsiR54B_ytD4EcnsXLWx9a81PtrjVo&dib_tag=se&keywords=water+flask&qid=1708135542&sr=8-146,Happyyami Flat Cup Flat Water Bottles for Backpacks Camping Water Container Drinking Tumblers Clear Water Bottles A5 Water Flask A5 Water Bottle Water Carrier Pc Notebook Travel re-usable,B0CPVQ2J6M,https://m.media-amazon.com/images/I/51C-+ad2XoL._AC_UL320_.jpg,$23.63,False,,,4
https://www.amazon.com/Pirate-Ship-Water-Bottle-Straw/dp/B0CQCNKQYT/ref=sr_1_147?dib=eyJ2IjoiMSJ9.IbDDdYrpvBDrE_jeai84EJzb4NQ4QGT6VL_bP45G-tlrK1wt5gEpA95e13ogLpz9KRWwlYrX3QknIia6t1xZR4BfuZbRRQmnM_0bn3wgiePP-I9h6oB0wDkLSuPaaFdYq3hDXCb4m_8WWgI3ax5CRAwhSLx92GtSMy2TdwCmG2HP5ghZlq_ChkDy6Uw_qeTRMKPPwhDu_x7hQO72XUkfGUNtfgqTlzR78LRZg4-S_ftcfzGv2aIFaNEe_WkEj7NHBuXHyU0254GA0YUCGdZ9_4eWc87A8vG51IHVEQWJCLQ.MVW430A1yF0edgsiR54B_ytD4EcnsXLWx9a81PtrjVo&dib_tag=se&keywords=water+flask&qid=1708135542&sr=8-147,"Pirate Ship Water Bottle with Straw Lid 32oz - Reusable Water Bottles, BPA Free Leakproof Water Flask for Travel Fitness Sports",B0CQCNKQYT,https://m.media-amazon.com/images/I/61Ye5OBRFtL._AC_UL320_.jpg,$18.99,False,,,6
https://www.amazon.com/origin-horizons-Conversation-Collection-Stainless/dp/B0CPWL858K/ref=sr_1_148?dib=eyJ2IjoiMSJ9.IbDDdYrpvBDrE_jeai84EJzb4NQ4QGT6VL_bP45G-tlrK1wt5gEpA95e13ogLpz9KRWwlYrX3QknIia6t1xZR4BfuZbRRQmnM_0bn3wgiePP-I9h6oB0wDkLSuPaaFdYq3hDXCb4m_8WWgI3ax5CRAwhSLx92GtSMy2TdwCmG2HP5ghZlq_ChkDy6Uw_qeTRMKPPwhDu_x7hQO72XUkfGUNtfgqTlzR78LRZg4-S_ftcfzGv2aIFaNEe_WkEj7NHBuXHyU0254GA0YUCGdZ9_4eWc87A8vG51IHVEQWJCLQ.MVW430A1yF0edgsiR54B_ytD4EcnsXLWx9a81PtrjVo&dib_tag=se&keywords=water+flask&qid=1708135542&sr=8-148,"Conversation Starter Collection, Stainless Steel Water Bottle, Insulated, Double Wall, Vacuum Flask, 17 oz (Set 1 - torture, pest, beast, nihilism, dismembered, Black)",B0CPWL858K,https://m.media-amazon.com/images/I/61CzxkJvVSL._AC_UL320_.jpg,$35.99,False,,,5
https://www.amazon.com/SHOWERORO-Outdoor-Rectangle-Drinking-re-usable/dp/B0CMLKFV35/ref=sr_1_149?dib=eyJ2IjoiMSJ9.IbDDdYrpvBDrE_jeai84EJzb4NQ4QGT6VL_bP45G-tlrK1wt5gEpA95e13ogLpz9KRWwlYrX3QknIia6t1xZR4BfuZbRRQmnM_0bn3wgiePP-I9h6oB0wDkLSuPaaFdYq3hDXCb4m_8WWgI3ax5CRAwhSLx92GtSMy2TdwCmG2HP5ghZlq_ChkDy6Uw_qeTRMKPPwhDu_x7hQO72XUkfGUNtfgqTlzR78LRZg4-S_ftcfzGv2aIFaNEe_WkEj7NHBuXHyU0254GA0YUCGdZ9_4eWc87A8vG51IHVEQWJCLQ.MVW430A1yF0edgsiR54B_ytD4EcnsXLWx9a81PtrjVo&dib_tag=se&keywords=water+flask&qid=1708135542&sr=8-149,Outdoor Water Bottle Chic Water Bottles Rectangle Water Bottles Camping Flask Fitness Water Drinking Cup Infuser Water Bottle Cycling Drink Bottle Clear Kettle Pp re-usable,B0CMLKFV35,https://m.media-amazon.com/images/I/41SMVOmLUGL._AC_UL320_.jpg,$10.69,False,Save 5% at checkout,,29
https://www.amazon.com/Things-Stickers-Motivational-Tumbler-Laptop/dp/B0CRZG9RW2/ref=sr_1_150?dib=eyJ2IjoiMSJ9.IbDDdYrpvBDrE_jeai84EJzb4NQ4QGT6VL_bP45G-tlrK1wt5gEpA95e13ogLpz9KRWwlYrX3QknIia6t1xZR4BfuZbRRQmnM_0bn3wgiePP-I9h6oB0wDkLSuPaaFdYq3hDXCb4m_8WWgI3ax5CRAwhSLx92GtSMy2TdwCmG2HP5ghZlq_ChkDy6Uw_qeTRMKPPwhDu_x7hQO72XUkfGUNtfgqTlzR78LRZg4-S_ftcfzGv2aIFaNEe_WkEj7NHBuXHyU0254GA0YUCGdZ9_4eWc87A8vG51IHVEQWJCLQ.MVW430A1yF0edgsiR54B_ytD4EcnsXLWx9a81PtrjVo&dib_tag=se&keywords=water+flask&qid=1708135542&sr=8-150,See Good in All Things Stickers Live Your Life Motivational Stickers for Tumbler Good Life Laptop and Water Bottle Decals,B0CRZG9RW2,https://m.media-amazon.com/images/I/61msisuZ0BL._AC_UL320_.jpg,$3.99,False,"Buy 2, save 5%",,23
https://www.amazon.com/xigua-Donuts-Insulated-Stainless-Cycling/dp/B0CQCCT6PJ/ref=sr_1_151?dib=eyJ2IjoiMSJ9.IbDDdYrpvBDrE_jeai84EJzb4NQ4QGT6VL_bP45G-tlrK1wt5gEpA95e13ogLpz9KRWwlYrX3QknIia6t1xZR4BfuZbRRQmnM_0bn3wgiePP-I9h6oB0wDkLSuPaaFdYq3hDXCb4m_8WWgI3ax5CRAwhSLx92GtSMy2TdwCmG2HP5ghZlq_ChkDy6Uw_qeTRMKPPwhDu_x7hQO72XUkfGUNtfgqTlzR78LRZg4-S_ftcfzGv2aIFaNEe_WkEj7NHBuXHyU0254GA0YUCGdZ9_4eWc87A8vG51IHVEQWJCLQ.MVW430A1yF0edgsiR54B_ytD4EcnsXLWx9a81PtrjVo&dib_tag=se&keywords=water+flask&qid=1708135542&sr=8-151,"xigua Cute Sweet Donuts Water Bottle with Straw Lid Vacuum Insulated Stainless Steel Thermo Flask for Sports Cycling Hiking School Home,20 oz.",B0CQCCT6PJ,https://m.media-amazon.com/images/I/51yd4UCGwwL._AC_UL320_.jpg,$18.99,False,($0.95$0.95/Fl Oz)$0.95,,8
https://www.amazon.com/yeixzoua-Strainer-Portable-Leakproof-Blackberry/dp/B0CPWQ2YQ8/ref=sr_1_152?dib=eyJ2IjoiMSJ9.IbDDdYrpvBDrE_jeai84EJzb4NQ4QGT6VL_bP45G-tlrK1wt5gEpA95e13ogLpz9KRWwlYrX3QknIia6t1xZR4BfuZbRRQmnM_0bn3wgiePP-I9h6oB0wDkLSuPaaFdYq3hDXCb4m_8WWgI3ax5CRAwhSLx92GtSMy2TdwCmG2HP5ghZlq_ChkDy6Uw_qeTRMKPPwhDu_x7hQO72XUkfGUNtfgqTlzR78LRZg4-S_ftcfzGv2aIFaNEe_WkEj7NHBuXHyU0254GA0YUCGdZ9_4eWc87A8vG51IHVEQWJCLQ.MVW430A1yF0edgsiR54B_ytD4EcnsXLWx9a81PtrjVo&dib_tag=se&keywords=water+flask&qid=1708135542&sr=8-152,"Water Bottle with Tea Strainer and Carry Loop,18 oz Portable Drinking Flask,Clear Drinking Bottle Sports,Drinking Bottle for Travel Home Gym,Leakproof (Blackberry, 18oz)",B0CPWQ2YQ8,https://m.media-amazon.com/images/I/51CCE1OkIKL._AC_UL320_.jpg,2 sizes,False,,,11
https://www.amazon.com/Kigai-Mushroom-Stainless-Insulated-Leakproof/dp/B0CPJ6HFNB/ref=sr_1_153?dib=eyJ2IjoiMSJ9.IbDDdYrpvBDrE_jeai84EJzb4NQ4QGT6VL_bP45G-tlrK1wt5gEpA95e13ogLpz9KRWwlYrX3QknIia6t1xZR4BfuZbRRQmnM_0bn3wgiePP-I9h6oB0wDkLSuPaaFdYq3hDXCb4m_8WWgI3ax5CRAwhSLx92GtSMy2TdwCmG2HP5ghZlq_ChkDy6Uw_qeTRMKPPwhDu_x7hQO72XUkfGUNtfgqTlzR78LRZg4-S_ftcfzGv2aIFaNEe_WkEj7NHBuXHyU0254GA0YUCGdZ9_4eWc87A8vG51IHVEQWJCLQ.MVW430A1yF0edgsiR54B_ytD4EcnsXLWx9a81PtrjVo&dib_tag=se&keywords=water+flask&qid=1708135542&sr=8-153,"Cute Mushroom Kids Water Bottle with Straw Lid, BPA Free, 12oz Stainless Steel Vacuum Insulated Leakproof Flask Kids Thermos for Toddlers, School, Office",B0CPJ6HFNB,https://m.media-amazon.com/images/I/61IhzqsljcL._AC_UL320_.jpg,$16.99,False,,,6
https://www.amazon.com/GANAZONO-Drinking-Leakproof-Portable-re-usable/dp/B0CSBK513S/ref=sr_1_154?dib=eyJ2IjoiMSJ9.IbDDdYrpvBDrE_jeai84EJzb4NQ4QGT6VL_bP45G-tlrK1wt5gEpA95e13ogLpz9KRWwlYrX3QknIia6t1xZR4BfuZbRRQmnM_0bn3wgiePP-I9h6oB0wDkLSuPaaFdYq3hDXCb4m_8WWgI3ax5CRAwhSLx92GtSMy2TdwCmG2HP5ghZlq_ChkDy6Uw_qeTRMKPPwhDu_x7hQO72XUkfGUNtfgqTlzR78LRZg4-S_ftcfzGv2aIFaNEe_WkEj7NHBuXHyU0254GA0YUCGdZ9_4eWc87A8vG51IHVEQWJCLQ.MVW430A1yF0edgsiR54B_ytD4EcnsXLWx9a81PtrjVo&dib_tag=se&keywords=water+flask&qid=1708135542&sr=8-154,GANAZONO 3 Pcs Kettle Travel Flask Gym Water Mug Drinking Water Bottle Leakproof Water Bottles Travel Cup A5 Flask Water Glasses Portable Water Bottle Fitness Camping Travel re-usable,B0CSBK513S,https://m.media-amazon.com/images/I/41Us3x2BQ4L._AC_UL320_.jpg,$24.49,False,,,29
https://www.amazon.com/Astarion-Sticker-Darling-Merchandise-Customize/dp/B0CT8LRZW3/ref=sr_1_155?dib=eyJ2IjoiMSJ9.IbDDdYrpvBDrE_jeai84EJzb4NQ4QGT6VL_bP45G-tlrK1wt5gEpA95e13ogLpz9KRWwlYrX3QknIia6t1xZR4BfuZbRRQmnM_0bn3wgiePP-I9h6oB0wDkLSuPaaFdYq3hDXCb4m_8WWgI3ax5CRAwhSLx92GtSMy2TdwCmG2HP5ghZlq_ChkDy6Uw_qeTRMKPPwhDu_x7hQO72XUkfGUNtfgqTlzR78LRZg4-S_ftcfzGv2aIFaNEe_WkEj7NHBuXHyU0254GA0YUCGdZ9_4eWc87A8vG51IHVEQWJCLQ.MVW430A1yF0edgsiR54B_ytD4EcnsXLWx9a81PtrjVo&dib_tag=se&keywords=water+flask&qid=1708135542&sr=8-155,Goose Astarion Sticker Honk Darling Meme Funny Vinyl Die Cut Sticker for Car Laptop Phone Water Bottle Guitar Helmet Gift Idea Merchandise Decor Decal Stuff (Customize Size),B0CT8LRZW3,https://m.media-amazon.com/images/I/61fGMRTOI2L._AC_UL320_.jpg,$4.95,False,"Buy 2, save 5%",,23
https://www.amazon.com/xigua-Monkeys-Insulated-Stainless-Cycling/dp/B0CQC3YXJ1/ref=sr_1_156?dib=eyJ2IjoiMSJ9.IbDDdYrpvBDrE_jeai84EJzb4NQ4QGT6VL_bP45G-tlrK1wt5gEpA95e13ogLpz9KRWwlYrX3QknIia6t1xZR4BfuZbRRQmnM_0bn3wgiePP-I9h6oB0wDkLSuPaaFdYq3hDXCb4m_8WWgI3ax5CRAwhSLx92GtSMy2TdwCmG2HP5ghZlq_ChkDy6Uw_qeTRMKPPwhDu_x7hQO72XUkfGUNtfgqTlzR78LRZg4-S_ftcfzGv2aIFaNEe_WkEj7NHBuXHyU0254GA0YUCGdZ9_4eWc87A8vG51IHVEQWJCLQ.MVW430A1yF0edgsiR54B_ytD4EcnsXLWx9a81PtrjVo&dib_tag=se&keywords=water+flask&qid=1708135542&sr=8-156,"xigua Cute Monkeys Water Bottle with Straw Lid Vacuum Insulated Stainless Steel Thermo Flask for Sports Cycling Hiking School Home,20 oz.",B0CQC3YXJ1,https://m.media-amazon.com/images/I/61oysONQtML._AC_UL320_.jpg,$18.99,False,,,8
https://www.amazon.com/BESPORTBLE-Running-Drinking-Portable-re-usable/dp/B0CNZGSL6L/ref=sr_1_157?dib=eyJ2IjoiMSJ9.IbDDdYrpvBDrE_jeai84EJzb4NQ4QGT6VL_bP45G-tlrK1wt5gEpA95e13ogLpz9KRWwlYrX3QknIia6t1xZR4BfuZbRRQmnM_0bn3wgiePP-I9h6oB0wDkLSuPaaFdYq3hDXCb4m_8WWgI3ax5CRAwhSLx92GtSMy2TdwCmG2HP5ghZlq_ChkDy6Uw_qeTRMKPPwhDu_x7hQO72XUkfGUNtfgqTlzR78LRZg4-S_ftcfzGv2aIFaNEe_WkEj7NHBuXHyU0254GA0YUCGdZ9_4eWc87A8vG51IHVEQWJCLQ.MVW430A1yF0edgsiR54B_ytD4EcnsXLWx9a81PtrjVo&dib_tag=se&keywords=water+flask&qid=1708135542&sr=8-157,BESPORTBLE 1pc Kettle Running Water Bottle Flat Water Flask A5 Drink Bottle Plastic Flask Juice Drinking Cup A5 Flask Plastic Flasks Portable Bottle Travel Korean Version Purple re-usable,B0CNZGSL6L,https://m.media-amazon.com/images/I/51sB3bkmWGL._AC_UL320_.jpg,3 sizes,False,"Buy 2, save 3%",,29
https://www.amazon.com/QANCOSI-Rapper-Stainless-Insulated-Bottles/dp/B0CNLM76SL/ref=sr_1_158?dib=eyJ2IjoiMSJ9.IbDDdYrpvBDrE_jeai84EJzb4NQ4QGT6VL_bP45G-tlrK1wt5gEpA95e13ogLpz9KRWwlYrX3QknIia6t1xZR4BfuZbRRQmnM_0bn3wgiePP-I9h6oB0wDkLSuPaaFdYq3hDXCb4m_8WWgI3ax5CRAwhSLx92GtSMy2TdwCmG2HP5ghZlq_ChkDy6Uw_qeTRMKPPwhDu_x7hQO72XUkfGUNtfgqTlzR78LRZg4-S_ftcfzGv2aIFaNEe_WkEj7NHBuXHyU0254GA0YUCGdZ9_4eWc87A8vG51IHVEQWJCLQ.MVW430A1yF0edgsiR54B_ytD4EcnsXLWx9a81PtrjVo&dib_tag=se&keywords=water+flask&qid=1708135542&sr=8-158,MF Rapper Doom Sports Water Bottle 18oz Stainless Insulated Water Bottles Leak Proof Hot and Cold Flask Travel Cup for Hiking & Biking,B0CNLM76SL,https://m.media-amazon.com/images/I/51r1AgLCB+L._AC_UL320_.jpg,$25.99,False,,,899
https://www.amazon.com/ZOUTAIRONG-20-ounce-Insulated-Bottles-Stainless/dp/B0CPPN3TP3/ref=sr_1_159?dib=eyJ2IjoiMSJ9.IbDDdYrpvBDrE_jeai84EJzb4NQ4QGT6VL_bP45G-tlrK1wt5gEpA95e13ogLpz9KRWwlYrX3QknIia6t1xZR4BfuZbRRQmnM_0bn3wgiePP-I9h6oB0wDkLSuPaaFdYq3hDXCb4m_8WWgI3ax5CRAwhSLx92GtSMy2TdwCmG2HP5ghZlq_ChkDy6Uw_qeTRMKPPwhDu_x7hQO72XUkfGUNtfgqTlzR78LRZg4-S_ftcfzGv2aIFaNEe_WkEj7NHBuXHyU0254GA0YUCGdZ9_4eWc87A8vG51IHVEQWJCLQ.MVW430A1yF0edgsiR54B_ytD4EcnsXLWx9a81PtrjVo&dib_tag=se&keywords=water+flask&qid=1708135542&sr=8-159,"Ice Cream Corgi Water Bottle 20 ounce Insulated Water Bottles for Kids Gifts Stainless Steel Metal Water Bottle, Cold & Hot Water Bottle Travel Cup, Wide Mouth Flask Pink",B0CPPN3TP3,https://m.media-amazon.com/images/I/51ZkMObHTDL._AC_UL320_.jpg,2 sizes,False,,5.0 out of 5 stars,1
https://www.amazon.com/Kigai-Bottles-Flamingo-Leakproof-Reusable/dp/B0CQ8VMK5R/ref=sr_1_160?dib=eyJ2IjoiMSJ9.IbDDdYrpvBDrE_jeai84EJzb4NQ4QGT6VL_bP45G-tlrK1wt5gEpA95e13ogLpz9KRWwlYrX3QknIia6t1xZR4BfuZbRRQmnM_0bn3wgiePP-I9h6oB0wDkLSuPaaFdYq3hDXCb4m_8WWgI3ax5CRAwhSLx92GtSMy2TdwCmG2HP5ghZlq_ChkDy6Uw_qeTRMKPPwhDu_x7hQO72XUkfGUNtfgqTlzR78LRZg4-S_ftcfzGv2aIFaNEe_WkEj7NHBuXHyU0254GA0YUCGdZ9_4eWc87A8vG51IHVEQWJCLQ.MVW430A1yF0edgsiR54B_ytD4EcnsXLWx9a81PtrjVo&dib_tag=se&keywords=water+flask&qid=1708135542&sr=8-160,"32oz Water Bottles, Cute Flamingo BPA Free Leakproof Reusable Tritan Plastic Sport Water Bottle with Straw Lid for Gym Fitness Running School",B0CQ8VMK5R,https://m.media-amazon.com/images/I/51U+M8-mCRL._AC_UL320_.jpg,$20.99,False,,,6
https://www.amazon.com/Spreadsheet-Whisperer-Sticker-Laptop-Stickers/dp/B0CRZDN1CD/ref=sr_1_161?dib=eyJ2IjoiMSJ9.IbDDdYrpvBDrE_jeai84EJzb4NQ4QGT6VL_bP45G-tlrK1wt5gEpA95e13ogLpz9KRWwlYrX3QknIia6t1xZR4BfuZbRRQmnM_0bn3wgiePP-I9h6oB0wDkLSuPaaFdYq3hDXCb4m_8WWgI3ax5CRAwhSLx92GtSMy2TdwCmG2HP5ghZlq_ChkDy6Uw_qeTRMKPPwhDu_x7hQO72XUkfGUNtfgqTlzR78LRZg4-S_ftcfzGv2aIFaNEe_WkEj7NHBuXHyU0254GA0YUCGdZ9_4eWc87A8vG51IHVEQWJCLQ.MVW430A1yF0edgsiR54B_ytD4EcnsXLWx9a81PtrjVo&dib_tag=se&keywords=water+flask&qid=1708135542&sr=8-161,Spreadsheet Whisperer Sticker Math Laptop Stickers Math Water Bottle Decals Office Sticker,B0CRZDN1CD,https://m.media-amazon.com/images/I/61pkIv6I1hL._AC_UL320_.jpg,$3.99,False,"Buy 2, save 5%",,23
https://www.amazon.com/GANAZONO-Magnets-Silicone-Collapsible-Bottleneck/dp/B0CTCS5JQP/ref=sr_1_162?dib=eyJ2IjoiMSJ9.IbDDdYrpvBDrE_jeai84EJzb4NQ4QGT6VL_bP45G-tlrK1wt5gEpA95e13ogLpz9KRWwlYrX3QknIia6t1xZR4BfuZbRRQmnM_0bn3wgiePP-I9h6oB0wDkLSuPaaFdYq3hDXCb4m_8WWgI3ax5CRAwhSLx92GtSMy2TdwCmG2HP5ghZlq_ChkDy6Uw_qeTRMKPPwhDu_x7hQO72XUkfGUNtfgqTlzR78LRZg4-S_ftcfzGv2aIFaNEe_WkEj7NHBuXHyU0254GA0YUCGdZ9_4eWc87A8vG51IHVEQWJCLQ.MVW430A1yF0edgsiR54B_ytD4EcnsXLWx9a81PtrjVo&dib_tag=se&keywords=water+flask&qid=1708135542&sr=8-162,GANAZONO Flower Magnets Silicone Folding Water Bottle Water Flask Collapsible Water Jug Cars Water Bottle Water Kettle Wide Bottleneck Water Bottle Putting Return Sports,B0CTCS5JQP,https://m.media-amazon.com/images/I/51BJ3zanIGL._AC_UL320_.jpg,$13.29,False,6% coupon applied at checkoutSave 6% with coupon,,29
https://www.amazon.com/PYBUG-Watermelon-Stainless-Cycling-Outdoor/dp/B0CQ895XGD/ref=sr_1_163?dib=eyJ2IjoiMSJ9.IbDDdYrpvBDrE_jeai84EJzb4NQ4QGT6VL_bP45G-tlrK1wt5gEpA95e13ogLpz9KRWwlYrX3QknIia6t1xZR4BfuZbRRQmnM_0bn3wgiePP-I9h6oB0wDkLSuPaaFdYq3hDXCb4m_8WWgI3ax5CRAwhSLx92GtSMy2TdwCmG2HP5ghZlq_ChkDy6Uw_qeTRMKPPwhDu_x7hQO72XUkfGUNtfgqTlzR78LRZg4-S_ftcfzGv2aIFaNEe_WkEj7NHBuXHyU0254GA0YUCGdZ9_4eWc87A8vG51IHVEQWJCLQ.MVW430A1yF0edgsiR54B_ytD4EcnsXLWx9a81PtrjVo&dib_tag=se&keywords=water+flask&qid=1708135542&sr=8-163,"Sweet Watermelon Water Bottle Double Walled Stainless Steel Leak Proof Thermo Flask for Sports Gym Cycling Outdoor,33 oz.",B0CQ895XGD,https://m.media-amazon.com/images/I/61KdVOlY3dL._AC_UL320_.jpg,$22.99,False,($0.70$0.70/Fl Oz)$0.70,,8
https://www.amazon.com/Astarion-Astarions-Bloodless-Merchandise-Customize/dp/B0CT8NDJ2P/ref=sr_1_164?dib=eyJ2IjoiMSJ9.IbDDdYrpvBDrE_jeai84EJzb4NQ4QGT6VL_bP45G-tlrK1wt5gEpA95e13ogLpz9KRWwlYrX3QknIia6t1xZR4BfuZbRRQmnM_0bn3wgiePP-I9h6oB0wDkLSuPaaFdYq3hDXCb4m_8WWgI3ax5CRAwhSLx92GtSMy2TdwCmG2HP5ghZlq_ChkDy6Uw_qeTRMKPPwhDu_x7hQO72XUkfGUNtfgqTlzR78LRZg4-S_ftcfzGv2aIFaNEe_WkEj7NHBuXHyU0254GA0YUCGdZ9_4eWc87A8vG51IHVEQWJCLQ.MVW430A1yF0edgsiR54B_ytD4EcnsXLWx9a81PtrjVo&dib_tag=se&keywords=water+flask&qid=1708135542&sr=8-164,Astarion Juice Box Sticker Cute Astarions Bloodless Love Video Game Vinyl Die Cut Sticker for Car Laptop Phone Water Bottle Guitar Helmet Gift Idea Merchandise Decor Decal Stuff (Customize Size),B0CT8NDJ2P,https://m.media-amazon.com/images/I/61tWw99y+IL._AC_UL320_.jpg,$4.99,False,"Buy 2, save 5%",,23
https://www.amazon.com/Milisten-Outdoor-Camping-Stainless-re-usable/dp/B0CVFQNFX1/ref=sr_1_165?dib=eyJ2IjoiMSJ9.IbDDdYrpvBDrE_jeai84EJzb4NQ4QGT6VL_bP45G-tlrK1wt5gEpA95e13ogLpz9KRWwlYrX3QknIia6t1xZR4BfuZbRRQmnM_0bn3wgiePP-I9h6oB0wDkLSuPaaFdYq3hDXCb4m_8WWgI3ax5CRAwhSLx92GtSMy2TdwCmG2HP5ghZlq_ChkDy6Uw_qeTRMKPPwhDu_x7hQO72XUkfGUNtfgqTlzR78LRZg4-S_ftcfzGv2aIFaNEe_WkEj7NHBuXHyU0254GA0YUCGdZ9_4eWc87A8vG51IHVEQWJCLQ.MVW430A1yF0edgsiR54B_ytD4EcnsXLWx9a81PtrjVo&dib_tag=se&keywords=water+flask&qid=1708135542&sr=8-165,Milisten Outdoor Sports Water Bottle Sports Water Jug Army Flask Camping Water Jug Kids Water Bottles Stainless Water Bottle Water Flask Sports Canteen Strap Nylon Desert Child re-usable,B0CVFQNFX1,https://m.media-amazon.com/images/I/61Vw0wd1FAL._AC_UL320_.jpg,$19.39,False,,,29
https://www.amazon.com/YMIKEA-Temperature-Insulated-Convenient-Versatile/dp/B0CRR38MSJ/ref=sr_1_166?dib=eyJ2IjoiMSJ9.IbDDdYrpvBDrE_jeai84EJzb4NQ4QGT6VL_bP45G-tlrK1wt5gEpA95e13ogLpz9KRWwlYrX3QknIia6t1xZR4BfuZbRRQmnM_0bn3wgiePP-I9h6oB0wDkLSuPaaFdYq3hDXCb4m_8WWgI3ax5CRAwhSLx92GtSMy2TdwCmG2HP5ghZlq_ChkDy6Uw_qeTRMKPPwhDu_x7hQO72XUkfGUNtfgqTlzR78LRZg4-S_ftcfzGv2aIFaNEe_WkEj7NHBuXHyU0254GA0YUCGdZ9_4eWc87A8vG51IHVEQWJCLQ.MVW430A1yF0edgsiR54B_ytD4EcnsXLWx9a81PtrjVo&dib_tag=se&keywords=water+flask&qid=1708135542&sr=8-166,"Thermal Water Bottle, Temperature Display Insulated Bottle, Convenient Straw Access Vacuum Water Bottle, Water Flask with Lid, Versatile Hydration Beverage Hydration Bottle for Hiking, Camping",B0CRR38MSJ,https://m.media-amazon.com/images/I/51dEyO4-fXL._AC_UL320_.jpg,$21.21,False,Save 4% at checkout,,299
https://www.amazon.com/xigua-Bananas-Insulated-Stainless-Cycling/dp/B0CQC85XGD/ref=sr_1_167?dib=eyJ2IjoiMSJ9.IbDDdYrpvBDrE_jeai84EJzb4NQ4QGT6VL_bP45G-tlrK1wt5gEpA95e13ogLpz9KRWwlYrX3QknIia6t1xZR4BfuZbRRQmnM_0bn3wgiePP-I9h6oB0wDkLSuPaaFdYq3hDXCb4m_8WWgI3ax5CRAwhSLx92GtSMy2TdwCmG2HP5ghZlq_ChkDy6Uw_qeTRMKPPwhDu_x7hQO72XUkfGUNtfgqTlzR78LRZg4-S_ftcfzGv2aIFaNEe_WkEj7NHBuXHyU0254GA0YUCGdZ9_4eWc87A8vG51IHVEQWJCLQ.MVW430A1yF0edgsiR54B_ytD4EcnsXLWx9a81PtrjVo&dib_tag=se&keywords=water+flask&qid=1708135542&sr=8-167,"xigua Monkey and Bananas Water Bottle with Straw Lid Vacuum Insulated Stainless Steel Thermo Flask for Sports Cycling Hiking School Home,32 oz.",B0CQC85XGD,https://m.media-amazon.com/images/I/61VIRxb99tL._AC_UL320_.jpg,$26.99,False,($0.84$0.84/Fl Oz)$0.84,,8
https://www.amazon.com/xigua-Cartoon-Giraffe-Insulated-Stainless/dp/B0CQC329YJ/ref=sr_1_168?dib=eyJ2IjoiMSJ9.IbDDdYrpvBDrE_jeai84EJzb4NQ4QGT6VL_bP45G-tlrK1wt5gEpA95e13ogLpz9KRWwlYrX3QknIia6t1xZR4BfuZbRRQmnM_0bn3wgiePP-I9h6oB0wDkLSuPaaFdYq3hDXCb4m_8WWgI3ax5CRAwhSLx92GtSMy2TdwCmG2HP5ghZlq_ChkDy6Uw_qeTRMKPPwhDu_x7hQO72XUkfGUNtfgqTlzR78LRZg4-S_ftcfzGv2aIFaNEe_WkEj7NHBuXHyU0254GA0YUCGdZ9_4eWc87A8vG51IHVEQWJCLQ.MVW430A1yF0edgsiR54B_ytD4EcnsXLWx9a81PtrjVo&dib_tag=se&keywords=water+flask&qid=1708135542&sr=8-168,"xigua Cartoon Giraffe Water Bottle with Straw Lid Vacuum Insulated Stainless Steel Thermo Flask for Sports Cycling Hiking School Home,32 oz.",B0CQC329YJ,https://m.media-amazon.com/images/I/51hRHDZN+yL._AC_UL320_.jpg,$26.99,False,,,8
https://www.amazon.com/BRIGHTFUFU-Camping-Transparent-Backpack-re-usable/dp/B0CNJ26XNB/ref=sr_1_169?dib=eyJ2IjoiMSJ9.IbDDdYrpvBDrE_jeai84EJzb4NQ4QGT6VL_bP45G-tlrK1wt5gEpA95e13ogLpz9KRWwlYrX3QknIia6t1xZR4BfuZbRRQmnM_0bn3wgiePP-I9h6oB0wDkLSuPaaFdYq3hDXCb4m_8WWgI3ax5CRAwhSLx92GtSMy2TdwCmG2HP5ghZlq_ChkDy6Uw_qeTRMKPPwhDu_x7hQO72XUkfGUNtfgqTlzR78LRZg4-S_ftcfzGv2aIFaNEe_WkEj7NHBuXHyU0254GA0YUCGdZ9_4eWc87A8vG51IHVEQWJCLQ.MVW430A1yF0edgsiR54B_ytD4EcnsXLWx9a81PtrjVo&dib_tag=se&keywords=water+flask&qid=1708135542&sr=8-169,Flat Cup Camping Gym Flask Cold Water Flat Water Bottles for Travel Water Flask Square Transparent Flat Bottle Fitness Cup Bike Water Bottle Water Carrier Backpack Pc re-usable,B0CNJ26XNB,https://m.media-amazon.com/images/I/51gsiB8uX8L._AC_UL320_.jpg,$23.77,False,Save 5% at checkout,,29
https://www.amazon.com/Kigai-Butterfly-Water-Bottle-Straw/dp/B0CQCKPZY8/ref=sr_1_170?dib=eyJ2IjoiMSJ9.IbDDdYrpvBDrE_jeai84EJzb4NQ4QGT6VL_bP45G-tlrK1wt5gEpA95e13ogLpz9KRWwlYrX3QknIia6t1xZR4BfuZbRRQmnM_0bn3wgiePP-I9h6oB0wDkLSuPaaFdYq3hDXCb4m_8WWgI3ax5CRAwhSLx92GtSMy2TdwCmG2HP5ghZlq_ChkDy6Uw_qeTRMKPPwhDu_x7hQO72XUkfGUNtfgqTlzR78LRZg4-S_ftcfzGv2aIFaNEe_WkEj7NHBuXHyU0254GA0YUCGdZ9_4eWc87A8vG51IHVEQWJCLQ.MVW430A1yF0edgsiR54B_ytD4EcnsXLWx9a81PtrjVo&dib_tag=se&keywords=water+flask&qid=1708135542&sr=8-170,"Butterfly Water Bottle with Straw Lid 32oz - Reusable Water Bottles, BPA Free Leakproof Water Flask for Travel Fitness Sports",B0CQCKPZY8,https://m.media-amazon.com/images/I/612C00L5YOL._AC_UL320_.jpg,$18.99,False,,,6
https://www.amazon.com/Kigai-Gnomes-Water-Bottle-Straw/dp/B0CQCMCQJG/ref=sr_1_171?dib=eyJ2IjoiMSJ9.IbDDdYrpvBDrE_jeai84EJzb4NQ4QGT6VL_bP45G-tlrK1wt5gEpA95e13ogLpz9KRWwlYrX3QknIia6t1xZR4BfuZbRRQmnM_0bn3wgiePP-I9h6oB0wDkLSuPaaFdYq3hDXCb4m_8WWgI3ax5CRAwhSLx92GtSMy2TdwCmG2HP5ghZlq_ChkDy6Uw_qeTRMKPPwhDu_x7hQO72XUkfGUNtfgqTlzR78LRZg4-S_ftcfzGv2aIFaNEe_WkEj7NHBuXHyU0254GA0YUCGdZ9_4eWc87A8vG51IHVEQWJCLQ.MVW430A1yF0edgsiR54B_ytD4EcnsXLWx9a81PtrjVo&dib_tag=se&keywords=water+flask&qid=1708135542&sr=8-171,"Cute Gnomes Water Bottle with Straw Lid 32oz - Reusable Water Bottles, BPA Free Leakproof Water Flask for Travel Fitness Sports",B0CQCMCQJG,https://m.media-amazon.com/images/I/51fwjjeNAeL._AC_UL320_.jpg,$18.99,False,,,6
https://www.amazon.com/Kigai-White-Horse-Water-Bottle/dp/B0CQCLLXXR/ref=sr_1_172?dib=eyJ2IjoiMSJ9.IbDDdYrpvBDrE_jeai84EJzb4NQ4QGT6VL_bP45G-tlrK1wt5gEpA95e13ogLpz9KRWwlYrX3QknIia6t1xZR4BfuZbRRQmnM_0bn3wgiePP-I9h6oB0wDkLSuPaaFdYq3hDXCb4m_8WWgI3ax5CRAwhSLx92GtSMy2TdwCmG2HP5ghZlq_ChkDy6Uw_qeTRMKPPwhDu_x7hQO72XUkfGUNtfgqTlzR78LRZg4-S_ftcfzGv2aIFaNEe_WkEj7NHBuXHyU0254GA0YUCGdZ9_4eWc87A8vG51IHVEQWJCLQ.MVW430A1yF0edgsiR54B_ytD4EcnsXLWx9a81PtrjVo&dib_tag=se&keywords=water+flask&qid=1708135542&sr=8-172,"White Horse Water Bottle with Straw Lid 32oz - Reusable Water Bottles, BPA Free Leakproof Water Flask for Travel Fitness Sports",B0CQCLLXXR,https://m.media-amazon.com/images/I/51Q92R-fA9L._AC_UL320_.jpg,$18.99,False,,,6
https://www.amazon.com/Kigai-Christmas-Snowman-Water-Bottle/dp/B0CQ547H9H/ref=sr_1_173?dib=eyJ2IjoiMSJ9.IbDDdYrpvBDrE_jeai84EJzb4NQ4QGT6VL_bP45G-tlrK1wt5gEpA95e13ogLpz9KRWwlYrX3QknIia6t1xZR4BfuZbRRQmnM_0bn3wgiePP-I9h6oB0wDkLSuPaaFdYq3hDXCb4m_8WWgI3ax5CRAwhSLx92GtSMy2TdwCmG2HP5ghZlq_ChkDy6Uw_qeTRMKPPwhDu_x7hQO72XUkfGUNtfgqTlzR78LRZg4-S_ftcfzGv2aIFaNEe_WkEj7NHBuXHyU0254GA0YUCGdZ9_4eWc87A8vG51IHVEQWJCLQ.MVW430A1yF0edgsiR54B_ytD4EcnsXLWx9a81PtrjVo&dib_tag=se&keywords=water+flask&qid=1708135542&sr=8-173,"Christmas Snowman Water Bottle with Straw Lid 32oz - Reusable Water Bottles, BPA Free Leakproof Water Flask for Travel Fitness Sports",B0CQ547H9H,https://m.media-amazon.com/images/I/51DzpYWsdSL._AC_UL320_.jpg,$18.99,False,,,6
https://www.amazon.com/Kigai-Brown-Highland-Water-Bottle/dp/B0CQCLJS9H/ref=sr_1_174?dib=eyJ2IjoiMSJ9.IbDDdYrpvBDrE_jeai84EJzb4NQ4QGT6VL_bP45G-tlrK1wt5gEpA95e13ogLpz9KRWwlYrX3QknIia6t1xZR4BfuZbRRQmnM_0bn3wgiePP-I9h6oB0wDkLSuPaaFdYq3hDXCb4m_8WWgI3ax5CRAwhSLx92GtSMy2TdwCmG2HP5ghZlq_ChkDy6Uw_qeTRMKPPwhDu_x7hQO72XUkfGUNtfgqTlzR78LRZg4-S_ftcfzGv2aIFaNEe_WkEj7NHBuXHyU0254GA0YUCGdZ9_4eWc87A8vG51IHVEQWJCLQ.MVW430A1yF0edgsiR54B_ytD4EcnsXLWx9a81PtrjVo&dib_tag=se&keywords=water+flask&qid=1708135542&sr=8-174,"Brown Highland Cows Water Bottle with Straw Lid 32oz - Reusable Water Bottles, BPA Free Leakproof Water Flask for Travel Fitness Sports",B0CQCLJS9H,https://m.media-amazon.com/images/I/51BVRMGiJjL._AC_UL320_.jpg,$18.99,False,,,6
https://www.amazon.com/YARNOW-Lanyard-Portable-Convenient-Drinking/dp/B0CRLXKNRY/ref=sr_1_175?dib=eyJ2IjoiMSJ9.IbDDdYrpvBDrE_jeai84EJzb4NQ4QGT6VL_bP45G-tlrK1wt5gEpA95e13ogLpz9KRWwlYrX3QknIia6t1xZR4BfuZbRRQmnM_0bn3wgiePP-I9h6oB0wDkLSuPaaFdYq3hDXCb4m_8WWgI3ax5CRAwhSLx92GtSMy2TdwCmG2HP5ghZlq_ChkDy6Uw_qeTRMKPPwhDu_x7hQO72XUkfGUNtfgqTlzR78LRZg4-S_ftcfzGv2aIFaNEe_WkEj7NHBuXHyU0254GA0YUCGdZ9_4eWc87A8vG51IHVEQWJCLQ.MVW430A1yF0edgsiR54B_ytD4EcnsXLWx9a81PtrjVo&dib_tag=se&keywords=water+flask&qid=1708135542&sr=8-175,YARNOW Lanyard Water Bottle Portable Water Flask Glass Water Bottles Juice Carafe Convenient Water Bottle Flat Water Bottle for Purse Pink Kettle Drinking Water Bottle Travel Mini Plastic,B0CRLXKNRY,https://m.media-amazon.com/images/I/61oXFfL1VtL._AC_UL320_.jpg,$17.19,False,14% coupon applied at checkoutSave 14% with coupon,,29
https://www.amazon.com/BESPORTBLE-Adjustable-Football-Basketball-re-usable/dp/B0CSC3DDSW/ref=sr_1_176?dib=eyJ2IjoiMSJ9.IbDDdYrpvBDrE_jeai84EJzb4NQ4QGT6VL_bP45G-tlrK1wt5gEpA95e13ogLpz9KRWwlYrX3QknIia6t1xZR4BfuZbRRQmnM_0bn3wgiePP-I9h6oB0wDkLSuPaaFdYq3hDXCb4m_8WWgI3ax5CRAwhSLx92GtSMy2TdwCmG2HP5ghZlq_ChkDy6Uw_qeTRMKPPwhDu_x7hQO72XUkfGUNtfgqTlzR78LRZg4-S_ftcfzGv2aIFaNEe_WkEj7NHBuXHyU0254GA0YUCGdZ9_4eWc87A8vG51IHVEQWJCLQ.MVW430A1yF0edgsiR54B_ytD4EcnsXLWx9a81PtrjVo&dib_tag=se&keywords=water+flask&qid=1708135542&sr=8-176,BESPORTBLE 2 Pcs Kettle Adjustable Barbell Shaped Water Bottles Running Water Gym Drink Bottle Dumbbel Folding Water Bottle Flask Water Bottles Light Football Cup Plastic Basketball re-usable,B0CSC3DDSW,https://m.media-amazon.com/images/I/41i64g19jVL._AC_UL320_.jpg,$17.69,False,11% coupon applied at checkoutSave 11% with coupon,,29
https://www.amazon.com/xigua-Unicorn-Insulated-Stainless-Cycling/dp/B0CQCB3NWB/ref=sr_1_177?dib=eyJ2IjoiMSJ9.IbDDdYrpvBDrE_jeai84EJzb4NQ4QGT6VL_bP45G-tlrK1wt5gEpA95e13ogLpz9KRWwlYrX3QknIia6t1xZR4BfuZbRRQmnM_0bn3wgiePP-I9h6oB0wDkLSuPaaFdYq3hDXCb4m_8WWgI3ax5CRAwhSLx92GtSMy2TdwCmG2HP5ghZlq_ChkDy6Uw_qeTRMKPPwhDu_x7hQO72XUkfGUNtfgqTlzR78LRZg4-S_ftcfzGv2aIFaNEe_WkEj7NHBuXHyU0254GA0YUCGdZ9_4eWc87A8vG51IHVEQWJCLQ.MVW430A1yF0edgsiR54B_ytD4EcnsXLWx9a81PtrjVo&dib_tag=se&keywords=water+flask&qid=1708135542&sr=8-177,"xigua Unicorn Pink Water Bottle with Straw Lid Vacuum Insulated Stainless Steel Thermo Flask for Sports Cycling Hiking School Home,20 oz.",B0CQCB3NWB,https://m.media-amazon.com/images/I/51Awe6Dp7-L._AC_UL320_.jpg,$18.99,False,($0.95$0.95/Fl Oz)$0.95,,8
https://www.amazon.com/xigua-Rooster-Insulated-Stainless-Cycling/dp/B0CQC4ZNL6/ref=sr_1_178?dib=eyJ2IjoiMSJ9.IbDDdYrpvBDrE_jeai84EJzb4NQ4QGT6VL_bP45G-tlrK1wt5gEpA95e13ogLpz9KRWwlYrX3QknIia6t1xZR4BfuZbRRQmnM_0bn3wgiePP-I9h6oB0wDkLSuPaaFdYq3hDXCb4m_8WWgI3ax5CRAwhSLx92GtSMy2TdwCmG2HP5ghZlq_ChkDy6Uw_qeTRMKPPwhDu_x7hQO72XUkfGUNtfgqTlzR78LRZg4-S_ftcfzGv2aIFaNEe_WkEj7NHBuXHyU0254GA0YUCGdZ9_4eWc87A8vG51IHVEQWJCLQ.MVW430A1yF0edgsiR54B_ytD4EcnsXLWx9a81PtrjVo&dib_tag=se&keywords=water+flask&qid=1708135542&sr=8-178,"xigua Bright Rooster Water Bottle with Straw Lid Vacuum Insulated Stainless Steel Thermo Flask for Sports Cycling Hiking School Home,20 oz.",B0CQC4ZNL6,https://m.media-amazon.com/images/I/611xO4GDMRL._AC_UL320_.jpg,$18.99,False,($0.95$0.95/Fl Oz)$0.95,,8
https://www.amazon.com/xigua-Monkey-Insulated-Stainless-Cycling/dp/B0CQC5XG8J/ref=sr_1_179?dib=eyJ2IjoiMSJ9.IbDDdYrpvBDrE_jeai84EJzb4NQ4QGT6VL_bP45G-tlrK1wt5gEpA95e13ogLpz9KRWwlYrX3QknIia6t1xZR4BfuZbRRQmnM_0bn3wgiePP-I9h6oB0wDkLSuPaaFdYq3hDXCb4m_8WWgI3ax5CRAwhSLx92GtSMy2TdwCmG2HP5ghZlq_ChkDy6Uw_qeTRMKPPwhDu_x7hQO72XUkfGUNtfgqTlzR78LRZg4-S_ftcfzGv2aIFaNEe_WkEj7NHBuXHyU0254GA0YUCGdZ9_4eWc87A8vG51IHVEQWJCLQ.MVW430A1yF0edgsiR54B_ytD4EcnsXLWx9a81PtrjVo&dib_tag=se&keywords=water+flask&qid=1708135542&sr=8-179,"xigua Cute Monkey Water Bottle with Straw Lid Vacuum Insulated Stainless Steel Thermo Flask for Sports Cycling Hiking School Home,20 oz.",B0CQC5XG8J,https://m.media-amazon.com/images/I/51BYwphHz3L._AC_UL320_.jpg,$18.99,False,,,8
https://www.amazon.com/xigua-Jellyfishes-Insulated-Stainless-Cycling/dp/B0CQCB8XMM/ref=sr_1_180?dib=eyJ2IjoiMSJ9.IbDDdYrpvBDrE_jeai84EJzb4NQ4QGT6VL_bP45G-tlrK1wt5gEpA95e13ogLpz9KRWwlYrX3QknIia6t1xZR4BfuZbRRQmnM_0bn3wgiePP-I9h6oB0wDkLSuPaaFdYq3hDXCb4m_8WWgI3ax5CRAwhSLx92GtSMy2TdwCmG2HP5ghZlq_ChkDy6Uw_qeTRMKPPwhDu_x7hQO72XUkfGUNtfgqTlzR78LRZg4-S_ftcfzGv2aIFaNEe_WkEj7NHBuXHyU0254GA0YUCGdZ9_4eWc87A8vG51IHVEQWJCLQ.MVW430A1yF0edgsiR54B_ytD4EcnsXLWx9a81PtrjVo&dib_tag=se&keywords=water+flask&qid=1708135542&sr=8-180,"xigua Blue Jellyfishes Water Bottle with Straw Lid Vacuum Insulated Stainless Steel Thermo Flask for Sports Cycling Hiking School Home,20 oz.",B0CQCB8XMM,https://m.media-amazon.com/images/I/61kUf-ekRxL._AC_UL320_.jpg,$18.99,False,,,8
https://www.amazon.com/xigua-Bottle-Insulated-Stainless-Cycling/dp/B0CQC58Y4F/ref=sr_1_181?dib=eyJ2IjoiMSJ9.IbDDdYrpvBDrE_jeai84EJzb4NQ4QGT6VL_bP45G-tlrK1wt5gEpA95e13ogLpz9KRWwlYrX3QknIia6t1xZR4BfuZbRRQmnM_0bn3wgiePP-I9h6oB0wDkLSuPaaFdYq3hDXCb4m_8WWgI3ax5CRAwhSLx92GtSMy2TdwCmG2HP5ghZlq_ChkDy6Uw_qeTRMKPPwhDu_x7hQO72XUkfGUNtfgqTlzR78LRZg4-S_ftcfzGv2aIFaNEe_WkEj7NHBuXHyU0254GA0YUCGdZ9_4eWc87A8vG51IHVEQWJCLQ.MVW430A1yF0edgsiR54B_ytD4EcnsXLWx9a81PtrjVo&dib_tag=se&keywords=water+flask&qid=1708135542&sr=8-181,"xigua Bow Pink Water Bottle with Straw Lid Vacuum Insulated Stainless Steel Thermo Flask for Sports Cycling Hiking School Home,20 oz.",B0CQC58Y4F,https://m.media-amazon.com/images/I/51csRAl4jJL._AC_UL320_.jpg,$18.99,False,($0.95$0.95/Fl Oz)$0.95,,8
https://www.amazon.com/xigua-Monkeys-Insulated-Stainless-Cycling/dp/B0CQCDW3HZ/ref=sr_1_182?dib=eyJ2IjoiMSJ9.IbDDdYrpvBDrE_jeai84EJzb4NQ4QGT6VL_bP45G-tlrK1wt5gEpA95e13ogLpz9KRWwlYrX3QknIia6t1xZR4BfuZbRRQmnM_0bn3wgiePP-I9h6oB0wDkLSuPaaFdYq3hDXCb4m_8WWgI3ax5CRAwhSLx92GtSMy2TdwCmG2HP5ghZlq_ChkDy6Uw_qeTRMKPPwhDu_x7hQO72XUkfGUNtfgqTlzR78LRZg4-S_ftcfzGv2aIFaNEe_WkEj7NHBuXHyU0254GA0YUCGdZ9_4eWc87A8vG51IHVEQWJCLQ.MVW430A1yF0edgsiR54B_ytD4EcnsXLWx9a81PtrjVo&dib_tag=se&keywords=water+flask&qid=1708135542&sr=8-182,"xigua Cute Monkeys Water Bottle with Straw Lid Vacuum Insulated Stainless Steel Thermo Flask for Sports Cycling Hiking School Home,20 oz.",B0CQCDW3HZ,https://m.media-amazon.com/images/I/51L4AJnFZyL._AC_UL320_.jpg,$18.99,False,,,8
https://www.amazon.com/xigua-Cartoon-Transportation-Insulated-Stainless/dp/B0CQC5CWV5/ref=sr_1_183?dib=eyJ2IjoiMSJ9.IbDDdYrpvBDrE_jeai84EJzb4NQ4QGT6VL_bP45G-tlrK1wt5gEpA95e13ogLpz9KRWwlYrX3QknIia6t1xZR4BfuZbRRQmnM_0bn3wgiePP-I9h6oB0wDkLSuPaaFdYq3hDXCb4m_8WWgI3ax5CRAwhSLx92GtSMy2TdwCmG2HP5ghZlq_ChkDy6Uw_qeTRMKPPwhDu_x7hQO72XUkfGUNtfgqTlzR78LRZg4-S_ftcfzGv2aIFaNEe_WkEj7NHBuXHyU0254GA0YUCGdZ9_4eWc87A8vG51IHVEQWJCLQ.MVW430A1yF0edgsiR54B_ytD4EcnsXLWx9a81PtrjVo&dib_tag=se&keywords=water+flask&qid=1708135542&sr=8-183,"xigua Cartoon Transportation Water Bottle with Straw Lid Vacuum Insulated Stainless Steel Thermo Flask for Sports Cycling Hiking School Home,20 oz.",B0CQC5CWV5,https://m.media-amazon.com/images/I/61ANi1fTabL._AC_UL320_.jpg,$18.99,False,,,8
https://www.amazon.com/xigua-Rainbows-Insulated-Stainless-Cycling/dp/B0CQC5CTZS/ref=sr_1_184?dib=eyJ2IjoiMSJ9.IbDDdYrpvBDrE_jeai84EJzb4NQ4QGT6VL_bP45G-tlrK1wt5gEpA95e13ogLpz9KRWwlYrX3QknIia6t1xZR4BfuZbRRQmnM_0bn3wgiePP-I9h6oB0wDkLSuPaaFdYq3hDXCb4m_8WWgI3ax5CRAwhSLx92GtSMy2TdwCmG2HP5ghZlq_ChkDy6Uw_qeTRMKPPwhDu_x7hQO72XUkfGUNtfgqTlzR78LRZg4-S_ftcfzGv2aIFaNEe_WkEj7NHBuXHyU0254GA0YUCGdZ9_4eWc87A8vG51IHVEQWJCLQ.MVW430A1yF0edgsiR54B_ytD4EcnsXLWx9a81PtrjVo&dib_tag=se&keywords=water+flask&qid=1708135542&sr=8-184,"xigua Snails Rainbows Water Bottle with Straw Lid Vacuum Insulated Stainless Steel Thermo Flask for Sports Cycling Hiking School Home,20 oz.",B0CQC5CTZS,https://m.media-amazon.com/images/I/615LkVyU3YL._AC_UL320_.jpg,$18.99,False,,,8
https://www.amazon.com/xigua-Crocodile-Insulated-Stainless-Cycling/dp/B0CQC41P92/ref=sr_1_185?dib=eyJ2IjoiMSJ9.IbDDdYrpvBDrE_jeai84EJzb4NQ4QGT6VL_bP45G-tlrK1wt5gEpA95e13ogLpz9KRWwlYrX3QknIia6t1xZR4BfuZbRRQmnM_0bn3wgiePP-I9h6oB0wDkLSuPaaFdYq3hDXCb4m_8WWgI3ax5CRAwhSLx92GtSMy2TdwCmG2HP5ghZlq_ChkDy6Uw_qeTRMKPPwhDu_x7hQO72XUkfGUNtfgqTlzR78LRZg4-S_ftcfzGv2aIFaNEe_WkEj7NHBuXHyU0254GA0YUCGdZ9_4eWc87A8vG51IHVEQWJCLQ.MVW430A1yF0edgsiR54B_ytD4EcnsXLWx9a81PtrjVo&dib_tag=se&keywords=water+flask&qid=1708135542&sr=8-185,"xigua Cute Crocodile Water Bottle with Straw Lid Vacuum Insulated Stainless Steel Thermo Flask for Sports Cycling Hiking School Home,32 oz.",B0CQC41P92,https://m.media-amazon.com/images/I/51WYp0+FlyL._AC_UL320_.jpg,$26.99,False,($0.84$0.84/Fl Oz)$0.84,,8
https://www.amazon.com/xigua-Colorful-Feathers-Insulated-Stainless/dp/B0CQCDV7RP/ref=sr_1_186?dib=eyJ2IjoiMSJ9.IbDDdYrpvBDrE_jeai84EJzb4NQ4QGT6VL_bP45G-tlrK1wt5gEpA95e13ogLpz9KRWwlYrX3QknIia6t1xZR4BfuZbRRQmnM_0bn3wgiePP-I9h6oB0wDkLSuPaaFdYq3hDXCb4m_8WWgI3ax5CRAwhSLx92GtSMy2TdwCmG2HP5ghZlq_ChkDy6Uw_qeTRMKPPwhDu_x7hQO72XUkfGUNtfgqTlzR78LRZg4-S_ftcfzGv2aIFaNEe_WkEj7NHBuXHyU0254GA0YUCGdZ9_4eWc87A8vG51IHVEQWJCLQ.MVW430A1yF0edgsiR54B_ytD4EcnsXLWx9a81PtrjVo&dib_tag=se&keywords=water+flask&qid=1708135542&sr=8-186,"xigua Colorful Bird Feathers Water Bottle with Straw Lid Vacuum Insulated Stainless Steel Thermo Flask for Sports Cycling Hiking School Home,20 oz.",B0CQCDV7RP,https://m.media-amazon.com/images/I/6118L-e7s4L._AC_UL320_.jpg,$18.99,False,($0.95$0.95/Fl Oz)$0.95,,8
https://www.amazon.com/xigua-Giraffe-Insulated-Stainless-Cycling/dp/B0CQC5DZW3/ref=sr_1_187?dib=eyJ2IjoiMSJ9.IbDDdYrpvBDrE_jeai84EJzb4NQ4QGT6VL_bP45G-tlrK1wt5gEpA95e13ogLpz9KRWwlYrX3QknIia6t1xZR4BfuZbRRQmnM_0bn3wgiePP-I9h6oB0wDkLSuPaaFdYq3hDXCb4m_8WWgI3ax5CRAwhSLx92GtSMy2TdwCmG2HP5ghZlq_ChkDy6Uw_qeTRMKPPwhDu_x7hQO72XUkfGUNtfgqTlzR78LRZg4-S_ftcfzGv2aIFaNEe_WkEj7NHBuXHyU0254GA0YUCGdZ9_4eWc87A8vG51IHVEQWJCLQ.MVW430A1yF0edgsiR54B_ytD4EcnsXLWx9a81PtrjVo&dib_tag=se&keywords=water+flask&qid=1708135542&sr=8-187,"xigua Panda Giraffe Cupids Water Bottle with Straw Lid Vacuum Insulated Stainless Steel Thermo Flask for Sports Cycling Hiking School Home,20 oz.",B0CQC5DZW3,https://m.media-amazon.com/images/I/51KEzV-c3fL._AC_UL320_.jpg,$18.99,False,($0.95$0.95/Fl Oz)$0.95,,8
https://www.amazon.com/xigua-Cactus-Insulated-Stainless-Cycling/dp/B0CQC831HC/ref=sr_1_188?dib=eyJ2IjoiMSJ9.IbDDdYrpvBDrE_jeai84EJzb4NQ4QGT6VL_bP45G-tlrK1wt5gEpA95e13ogLpz9KRWwlYrX3QknIia6t1xZR4BfuZbRRQmnM_0bn3wgiePP-I9h6oB0wDkLSuPaaFdYq3hDXCb4m_8WWgI3ax5CRAwhSLx92GtSMy2TdwCmG2HP5ghZlq_ChkDy6Uw_qeTRMKPPwhDu_x7hQO72XUkfGUNtfgqTlzR78LRZg4-S_ftcfzGv2aIFaNEe_WkEj7NHBuXHyU0254GA0YUCGdZ9_4eWc87A8vG51IHVEQWJCLQ.MVW430A1yF0edgsiR54B_ytD4EcnsXLWx9a81PtrjVo&dib_tag=se&keywords=water+flask&qid=1708135542&sr=8-188,"xigua Cute White Cactus Water Bottle with Straw Lid Vacuum Insulated Stainless Steel Thermo Flask for Sports Cycling Hiking School Home,20 oz.",B0CQC831HC,https://m.media-amazon.com/images/I/51+MBVnbPKL._AC_UL320_.jpg,$18.99,False,($0.95$0.95/Fl Oz)$0.95,,8
https://www.amazon.com/xigua-Decorative-Pattern-Insulated-Stainless/dp/B0CQCDVRLM/ref=sr_1_189?dib=eyJ2IjoiMSJ9.IbDDdYrpvBDrE_jeai84EJzb4NQ4QGT6VL_bP45G-tlrK1wt5gEpA95e13ogLpz9KRWwlYrX3QknIia6t1xZR4BfuZbRRQmnM_0bn3wgiePP-I9h6oB0wDkLSuPaaFdYq3hDXCb4m_8WWgI3ax5CRAwhSLx92GtSMy2TdwCmG2HP5ghZlq_ChkDy6Uw_qeTRMKPPwhDu_x7hQO72XUkfGUNtfgqTlzR78LRZg4-S_ftcfzGv2aIFaNEe_WkEj7NHBuXHyU0254GA0YUCGdZ9_4eWc87A8vG51IHVEQWJCLQ.MVW430A1yF0edgsiR54B_ytD4EcnsXLWx9a81PtrjVo&dib_tag=se&keywords=water+flask&qid=1708135542&sr=8-189,"xigua Decorative Fish Pattern Water Bottle with Straw Lid Vacuum Insulated Stainless Steel Thermo Flask for Sports Cycling Hiking School Home,20 oz.",B0CQCDVRLM,https://m.media-amazon.com/images/I/61El0b7iLTL._AC_UL320_.jpg,$18.99,False,($0.95$0.95/Fl Oz)$0.95,,8
https://www.amazon.com/xigua-Summer-Insulated-Stainless-Cycling/dp/B0CQC6GCHR/ref=sr_1_190?dib=eyJ2IjoiMSJ9.IbDDdYrpvBDrE_jeai84EJzb4NQ4QGT6VL_bP45G-tlrK1wt5gEpA95e13ogLpz9KRWwlYrX3QknIia6t1xZR4BfuZbRRQmnM_0bn3wgiePP-I9h6oB0wDkLSuPaaFdYq3hDXCb4m_8WWgI3ax5CRAwhSLx92GtSMy2TdwCmG2HP5ghZlq_ChkDy6Uw_qeTRMKPPwhDu_x7hQO72XUkfGUNtfgqTlzR78LRZg4-S_ftcfzGv2aIFaNEe_WkEj7NHBuXHyU0254GA0YUCGdZ9_4eWc87A8vG51IHVEQWJCLQ.MVW430A1yF0edgsiR54B_ytD4EcnsXLWx9a81PtrjVo&dib_tag=se&keywords=water+flask&qid=1708135542&sr=8-190,"xigua Cute Summer Print Water Bottle with Straw Lid Vacuum Insulated Stainless Steel Thermo Flask for Sports Cycling Hiking School Home,32 oz.",B0CQC6GCHR,https://m.media-amazon.com/images/I/51numSkGHNL._AC_UL320_.jpg,$26.99,False,($0.84$0.84/Fl Oz)$0.84,,8
https://www.amazon.com/GANAZONO-Drinking-Outdoor-Portable-Student/dp/B0CQHHBJYV/ref=sr_1_191?dib=eyJ2IjoiMSJ9.IbDDdYrpvBDrE_jeai84EJzb4NQ4QGT6VL_bP45G-tlrK1wt5gEpA95e13ogLpz9KRWwlYrX3QknIia6t1xZR4BfuZbRRQmnM_0bn3wgiePP-I9h6oB0wDkLSuPaaFdYq3hDXCb4m_8WWgI3ax5CRAwhSLx92GtSMy2TdwCmG2HP5ghZlq_ChkDy6Uw_qeTRMKPPwhDu_x7hQO72XUkfGUNtfgqTlzR78LRZg4-S_ftcfzGv2aIFaNEe_WkEj7NHBuXHyU0254GA0YUCGdZ9_4eWc87A8vG51IHVEQWJCLQ.MVW430A1yF0edgsiR54B_ytD4EcnsXLWx9a81PtrjVo&dib_tag=se&keywords=water+flask&qid=1708135542&sr=8-191,GANAZONO Flat Water Flask Flat Drink Bottle Drinking Bottle Flat Kettle for Outdoor Water Bottle for Sports Flat Travel Mug Portable Travel Mug Sports Kettle Coffee Cup Student Water Cup Pp,B0CQHHBJYV,https://m.media-amazon.com/images/I/61AVAETfP1L._AC_UL320_.jpg,$14.29,False,8% coupon applied at checkoutSave 8% with coupon,,29
https://www.amazon.com/Lightweight-Insulated-Stainless-One-Touch-Drinking/dp/B0CQCBHFPR/ref=sr_1_192?dib=eyJ2IjoiMSJ9.IbDDdYrpvBDrE_jeai84EJzb4NQ4QGT6VL_bP45G-tlrK1wt5gEpA95e13ogLpz9KRWwlYrX3QknIia6t1xZR4BfuZbRRQmnM_0bn3wgiePP-I9h6oB0wDkLSuPaaFdYq3hDXCb4m_8WWgI3ax5CRAwhSLx92GtSMy2TdwCmG2HP5ghZlq_ChkDy6Uw_qeTRMKPPwhDu_x7hQO72XUkfGUNtfgqTlzR78LRZg4-S_ftcfzGv2aIFaNEe_WkEj7NHBuXHyU0254GA0YUCGdZ9_4eWc87A8vG51IHVEQWJCLQ.MVW430A1yF0edgsiR54B_ytD4EcnsXLWx9a81PtrjVo&dib_tag=se&keywords=water+flask&qid=1708135542&sr=8-192,"Tufco Water Bottle, 16.9 fl oz (500 ml), Red, Lightweight, Vacuum Insulated, Hot or Cold Insulated, Stainless Steel Bottle, One-Touch Direct Drinking, Thermos Flask",B0CQCBHFPR,https://m.media-amazon.com/images/I/31M6i5taELL._AC_UL320_.jpg,$20.67,False,,,
https://www.amazon.com/CERXSOI-Childish-Gambino-Stainless-Insulated/dp/B0CQCKR1TK/ref=sr_1_193?keywords=water+flask&qid=1708136023&sr=8-193,Childish Rapper Gambino Sports Water Bottle 18oz Stainless Insulated Water Bottles Leak Proof Hot and Cold Flask Travel Cup for Hiking & Biking,B0CQCKR1TK,https://m.media-amazon.com/images/I/51RBtabrnvL._AC_UL320_.jpg,$24.99,False,,,699
https://www.amazon.com/CERXSOI-Rapper-Stainless-Insulated-Bottles/dp/B0CQCJN83N/ref=sr_1_194?keywords=water+flask&qid=1708136023&sr=8-194,Talib Rapper Kweli Sports Water Bottle 18oz Stainless Insulated Water Bottles Leak Proof Hot and Cold Flask Travel Cup for Hiking & Biking,B0CQCJN83N,https://m.media-amazon.com/images/I/51Ptwx93X7L._AC_UL320_.jpg,$24.99,False,,,699
https://www.amazon.com/CERXSOI-Kottonmouth-Stainless-Insulated-Bottles/dp/B0CQCH1Q5H/ref=sr_1_195?keywords=water+flask&qid=1708136023&sr=8-195,Kottonmouth Rock Kings Sports Water Bottle 18oz Stainless Insulated Water Bottles Leak Proof Hot and Cold Flask Travel Cup for Hiking & Biking,B0CQCH1Q5H,https://m.media-amazon.com/images/I/51YwJjSu5oL._AC_UL320_.jpg,$24.99,False,,,699
https://www.amazon.com/CERXSOI-Delphine-Stainless-Insulated-Bottles/dp/B0CQCLP5DG/ref=sr_1_196?keywords=water+flask&qid=1708136023&sr=8-196,Belle Artist Delphine Sports Water Bottle 18oz Stainless Insulated Water Bottles Leak Proof Hot and Cold Flask Travel Cup for Hiking & Biking,B0CQCLP5DG,https://m.media-amazon.com/images/I/51NPibxfcsL._AC_UL320_.jpg,$24.99,False,,,699
https://www.amazon.com/CERXSOI-Kottonmouth-Stainless-Insulated-Bottles/dp/B0CQCGWG48/ref=sr_1_197?keywords=water+flask&qid=1708136023&sr=8-197,Kottonmouth Rock Kings Sports Water Bottle 18oz Stainless Insulated Water Bottles Leak Proof Hot and Cold Flask Travel Cup for Hiking & Biking,B0CQCGWG48,https://m.media-amazon.com/images/I/61LzjLITAVL._AC_UL320_.jpg,$24.99,False,,,699
https://www.amazon.com/CERXSOI-Rapper-Stainless-Insulated-Bottles/dp/B0CQCK1YGX/ref=sr_1_198?keywords=water+flask&qid=1708136023&sr=8-198,Talib Rapper Kweli Sports Water Bottle 18oz Stainless Insulated Water Bottles Leak Proof Hot and Cold Flask Travel Cup for Hiking & Biking,B0CQCK1YGX,https://m.media-amazon.com/images/I/61aFPvcWN9L._AC_UL320_.jpg,$24.99,False,,,699
https://www.amazon.com/CERXSOI-Orlando-Stainless-Insulated-Bottles/dp/B0CQCKH7NG/ref=sr_1_199?keywords=water+flask&qid=1708136023&sr=8-199,Johnny Singer Orlando Sports Water Bottle 18oz Stainless Insulated Water Bottles Leak Proof Hot and Cold Flask Travel Cup for Hiking & Biking,B0CQCKH7NG,https://m.media-amazon.com/images/I/61jJZ4W9vRL._AC_UL320_.jpg,$24.99,False,,,699
https://www.amazon.com/CERXSOI-Kottonmouth-Stainless-Insulated-Bottles/dp/B0CQCJXN6P/ref=sr_1_200?keywords=water+flask&qid=1708136023&sr=8-200,Kottonmouth Rock Kings Sports Water Bottle 18oz Stainless Insulated Water Bottles Leak Proof Hot and Cold Flask Travel Cup for Hiking & Biking,B0CQCJXN6P,https://m.media-amazon.com/images/I/61APPu+FxCL._AC_UL320_.jpg,$24.99,False,,,699
https://www.amazon.com/CERXSOI-Childish-Gambino-Stainless-Insulated/dp/B0CQCLSDKL/ref=sr_1_201?keywords=water+flask&qid=1708136023&sr=8-201,Childish Rapper Gambino Sports Water Bottle 18oz Stainless Insulated Water Bottles Leak Proof Hot and Cold Flask Travel Cup for Hiking & Biking,B0CQCLSDKL,https://m.media-amazon.com/images/I/61ysLlCjlNL._AC_UL320_.jpg,$24.99,False,,,699
https://www.amazon.com/CERXSOI-Childish-Gambino-Stainless-Insulated/dp/B0CQCHSB6K/ref=sr_1_202?keywords=water+flask&qid=1708136023&sr=8-202,Childish Rapper Gambino Sports Water Bottle 18oz Stainless Insulated Water Bottles Leak Proof Hot and Cold Flask Travel Cup for Hiking & Biking,B0CQCHSB6K,https://m.media-amazon.com/images/I/51wCV8SA9LL._AC_UL320_.jpg,$24.99,False,,,699
https://www.amazon.com/CERXSOI-Kottonmouth-Stainless-Insulated-Bottles/dp/B0CQCJQGPY/ref=sr_1_203?keywords=water+flask&qid=1708136023&sr=8-203,Kottonmouth Rock Kings Sports Water Bottle 18oz Stainless Insulated Water Bottles Leak Proof Hot and Cold Flask Travel Cup for Hiking & Biking,B0CQCJQGPY,https://m.media-amazon.com/images/I/61i6ki4fjnL._AC_UL320_.jpg,$24.99,False,,,699
https://www.amazon.com/CERXSOI-Orlando-Stainless-Insulated-Bottles/dp/B0CQCKVH19/ref=sr_1_204?keywords=water+flask&qid=1708136023&sr=8-204,Johnny Singer Orlando Sports Water Bottle 18oz Stainless Insulated Water Bottles Leak Proof Hot and Cold Flask Travel Cup for Hiking & Biking,B0CQCKVH19,https://m.media-amazon.com/images/I/61fa7MBZhYL._AC_UL320_.jpg,$24.99,False,,,699
https://www.amazon.com/CERXSOI-Delphine-Stainless-Insulated-Bottles/dp/B0CQCLVT1D/ref=sr_1_205?keywords=water+flask&qid=1708136023&sr=8-205,Belle Artist Delphine Sports Water Bottle 18oz Stainless Insulated Water Bottles Leak Proof Hot and Cold Flask Travel Cup for Hiking & Biking,B0CQCLVT1D,https://m.media-amazon.com/images/I/61ZJO5NoHGL._AC_UL320_.jpg,$24.99,False,,,699
https://www.amazon.com/CERXSOI-Childish-Gambino-Stainless-Insulated/dp/B0CQCLS4LW/ref=sr_1_206?keywords=water+flask&qid=1708136023&sr=8-206,Childish Rapper Gambino Sports Water Bottle 18oz Stainless Insulated Water Bottles Leak Proof Hot and Cold Flask Travel Cup for Hiking & Biking,B0CQCLS4LW,https://m.media-amazon.com/images/I/61sZSqdf5TL._AC_UL320_.jpg,$24.99,False,,,699
https://www.amazon.com/CERXSOI-Kottonmouth-Stainless-Insulated-Bottles/dp/B0CQCH2L7F/ref=sr_1_207?keywords=water+flask&qid=1708136023&sr=8-207,Kottonmouth Rock Kings Sports Water Bottle 18oz Stainless Insulated Water Bottles Leak Proof Hot and Cold Flask Travel Cup for Hiking & Biking,B0CQCH2L7F,https://m.media-amazon.com/images/I/61xB4usisbL._AC_UL320_.jpg,$24.99,False,,,699
https://www.amazon.com/CERXSOI-Kottonmouth-Stainless-Insulated-Bottles/dp/B0CQCKCZPH/ref=sr_1_208?keywords=water+flask&qid=1708136023&sr=8-208,Kottonmouth Rock Kings Sports Water Bottle 18oz Stainless Insulated Water Bottles Leak Proof Hot and Cold Flask Travel Cup for Hiking & Biking,B0CQCKCZPH,https://m.media-amazon.com/images/I/61TckXZB56L._AC_UL320_.jpg,$24.99,False,,,699
https://www.amazon.com/CERXSOI-Childish-Gambino-Stainless-Insulated/dp/B0CQCKD15J/ref=sr_1_209?keywords=water+flask&qid=1708136023&sr=8-209,Childish Rapper Gambino Sports Water Bottle 18oz Stainless Insulated Water Bottles Leak Proof Hot and Cold Flask Travel Cup for Hiking & Biking,B0CQCKD15J,https://m.media-amazon.com/images/I/51d6FpTgs0L._AC_UL320_.jpg,$24.99,False,,,699
https://www.amazon.com/CERXSOI-Delphine-Stainless-Insulated-Bottles/dp/B0CQCGYC2C/ref=sr_1_210?keywords=water+flask&qid=1708136023&sr=8-210,Belle Artist Delphine Sports Water Bottle 18oz Stainless Insulated Water Bottles Leak Proof Hot and Cold Flask Travel Cup for Hiking & Biking,B0CQCGYC2C,https://m.media-amazon.com/images/I/510n9vGF6hL._AC_UL320_.jpg,$24.99,False,,,699
https://www.amazon.com/CERXSOI-Rapper-Stainless-Insulated-Bottles/dp/B0CQCKLZGJ/ref=sr_1_211?keywords=water+flask&qid=1708136023&sr=8-211,Talib Rapper Kweli Sports Water Bottle 18oz Stainless Insulated Water Bottles Leak Proof Hot and Cold Flask Travel Cup for Hiking & Biking,B0CQCKLZGJ,https://m.media-amazon.com/images/I/51IZTsQt2WL._AC_UL320_.jpg,$24.99,False,,,699
https://www.amazon.com/CERXSOI-Childish-Gambino-Stainless-Insulated/dp/B0CQCJSGV1/ref=sr_1_212?keywords=water+flask&qid=1708136023&sr=8-212,Childish Rapper Gambino Sports Water Bottle 18oz Stainless Insulated Water Bottles Leak Proof Hot and Cold Flask Travel Cup for Hiking & Biking,B0CQCJSGV1,https://m.media-amazon.com/images/I/51r1F75fvnL._AC_UL320_.jpg,$24.99,False,,,699
https://www.amazon.com/CERXSOI-Kottonmouth-Stainless-Insulated-Bottles/dp/B0CQCH3P25/ref=sr_1_213?keywords=water+flask&qid=1708136023&sr=8-213,Kottonmouth Rock Kings Sports Water Bottle 18oz Stainless Insulated Water Bottles Leak Proof Hot and Cold Flask Travel Cup for Hiking & Biking,B0CQCH3P25,https://m.media-amazon.com/images/I/61dJTPL-HUL._AC_UL320_.jpg,$24.99,False,,,699
https://www.amazon.com/CERXSOI-Rapper-Stainless-Insulated-Bottles/dp/B0CQCLN8WQ/ref=sr_1_214?keywords=water+flask&qid=1708136023&sr=8-214,Talib Rapper Kweli Sports Water Bottle 18oz Stainless Insulated Water Bottles Leak Proof Hot and Cold Flask Travel Cup for Hiking & Biking,B0CQCLN8WQ,https://m.media-amazon.com/images/I/5135IaQOXpL._AC_UL320_.jpg,$24.99,False,,,699
https://www.amazon.com/CERXSOI-Wallflowers-Stainless-Insulated-Bottles/dp/B0CQCK5KHV/ref=sr_1_215?keywords=water+flask&qid=1708136023&sr=8-215,The Wallflowers Band Sports Water Bottle 18oz Stainless Insulated Water Bottles Leak Proof Hot and Cold Flask Travel Cup for Hiking & Biking,B0CQCK5KHV,https://m.media-amazon.com/images/I/51vqr-uUuWL._AC_UL320_.jpg,$24.99,False,,,699
https://www.amazon.com/CERXSOI-Wallflowers-Stainless-Insulated-Bottles/dp/B0CQCHYTW5/ref=sr_1_216?keywords=water+flask&qid=1708136023&sr=8-216,The Wallflowers Band Sports Water Bottle 18oz Stainless Insulated Water Bottles Leak Proof Hot and Cold Flask Travel Cup for Hiking & Biking,B0CQCHYTW5,https://m.media-amazon.com/images/I/51iERaCDkYL._AC_UL320_.jpg,$24.99,False,,,699
https://www.amazon.com/CERXSOI-Pergolizz-Stainless-Insulated-Bottles/dp/B0CQCK7TTX/ref=sr_1_217?keywords=water+flask&qid=1708136023&sr=8-217,Laura Singer Pergolizz Sports Water Bottle 18oz Stainless Insulated Water Bottles Leak Proof Hot and Cold Flask Travel Cup for Hiking & Biking,B0CQCK7TTX,https://m.media-amazon.com/images/I/51bq4lpC+jL._AC_UL320_.jpg,$24.99,False,,,699
https://www.amazon.com/CERXSOI-Pergolizz-Stainless-Insulated-Bottles/dp/B0CQCL15W5/ref=sr_1_218?keywords=water+flask&qid=1708136023&sr=8-218,Laura Singer Pergolizz Sports Water Bottle 18oz Stainless Insulated Water Bottles Leak Proof Hot and Cold Flask Travel Cup for Hiking & Biking,B0CQCL15W5,https://m.media-amazon.com/images/I/51VAmxWbKdL._AC_UL320_.jpg,$24.99,False,,,699
https://www.amazon.com/CERXSOI-Delphine-Stainless-Insulated-Bottles/dp/B0CQCFZMJD/ref=sr_1_219?keywords=water+flask&qid=1708136023&sr=8-219,Belle Artist Delphine Sports Water Bottle 18oz Stainless Insulated Water Bottles Leak Proof Hot and Cold Flask Travel Cup for Hiking & Biking,B0CQCFZMJD,https://m.media-amazon.com/images/I/51pPgG9PoDL._AC_UL320_.jpg,$24.99,False,,,699
https://www.amazon.com/CERXSOI-Westside-Stainless-Insulated-Bottles/dp/B0CQCKJTJS/ref=sr_1_220?keywords=water+flask&qid=1708136023&sr=8-220,Westside Singer Gunn Sports Water Bottle 18oz Stainless Insulated Water Bottles Leak Proof Hot and Cold Flask Travel Cup for Hiking & Biking,B0CQCKJTJS,https://m.media-amazon.com/images/I/61GFErwYeAL._AC_UL320_.jpg,$24.99,False,,,699
https://www.amazon.com/CERXSOI-Pergolizz-Stainless-Insulated-Bottles/dp/B0CQCKLYTD/ref=sr_1_221?keywords=water+flask&qid=1708136023&sr=8-221,Laura Singer Pergolizz Sports Water Bottle 18oz Stainless Insulated Water Bottles Leak Proof Hot and Cold Flask Travel Cup for Hiking & Biking,B0CQCKLYTD,https://m.media-amazon.com/images/I/51Tdu02rQeL._AC_UL320_.jpg,$24.99,False,,,699
https://www.amazon.com/CERXSOI-Delphine-Stainless-Insulated-Bottles/dp/B0CQCKCZPJ/ref=sr_1_222?keywords=water+flask&qid=1708136023&sr=8-222,Belle Artist Delphine Sports Water Bottle 18oz Stainless Insulated Water Bottles Leak Proof Hot and Cold Flask Travel Cup for Hiking & Biking,B0CQCKCZPJ,https://m.media-amazon.com/images/I/51nXTUb3y+L._AC_UL320_.jpg,$24.99,False,,,699
https://www.amazon.com/CERXSOI-Delphine-Stainless-Insulated-Bottles/dp/B0CQCKLZGK/ref=sr_1_223?keywords=water+flask&qid=1708136023&sr=8-223,Belle Artist Delphine Sports Water Bottle 18oz Stainless Insulated Water Bottles Leak Proof Hot and Cold Flask Travel Cup for Hiking & Biking,B0CQCKLZGK,https://m.media-amazon.com/images/I/51IqYRlagXL._AC_UL320_.jpg,$24.99,False,,,699
https://www.amazon.com/CERXSOI-Kottonmouth-Stainless-Insulated-Bottles/dp/B0CQCJJS2Y/ref=sr_1_224?keywords=water+flask&qid=1708136023&sr=8-224,Kottonmouth Rock Kings Sports Water Bottle 18oz Stainless Insulated Water Bottles Leak Proof Hot and Cold Flask Travel Cup for Hiking & Biking,B0CQCJJS2Y,https://m.media-amazon.com/images/I/61YSC7mxafL._AC_UL320_.jpg,$24.99,False,,,699
https://www.amazon.com/CERXSOI-Kottonmouth-Stainless-Insulated-Bottles/dp/B0CQCJKF2M/ref=sr_1_225?keywords=water+flask&qid=1708136023&sr=8-225,Kottonmouth Rock Kings Sports Water Bottle 18oz Stainless Insulated Water Bottles Leak Proof Hot and Cold Flask Travel Cup for Hiking & Biking,B0CQCJKF2M,https://m.media-amazon.com/images/I/61eMt+66w1L._AC_UL320_.jpg,$24.99,False,,,699
https://www.amazon.com/CERXSOI-Pergolizz-Stainless-Insulated-Bottles/dp/B0CQCJC1MM/ref=sr_1_226?keywords=water+flask&qid=1708136023&sr=8-226,Laura Singer Pergolizz Sports Water Bottle 18oz Stainless Insulated Water Bottles Leak Proof Hot and Cold Flask Travel Cup for Hiking & Biking,B0CQCJC1MM,https://m.media-amazon.com/images/I/61XAY4qr18L._AC_UL320_.jpg,$24.99,False,,,699
https://www.amazon.com/CERXSOI-Pergolizz-Stainless-Insulated-Bottles/dp/B0CQCKWJ35/ref=sr_1_227?keywords=water+flask&qid=1708136023&sr=8-227,Laura Singer Pergolizz Sports Water Bottle 18oz Stainless Insulated Water Bottles Leak Proof Hot and Cold Flask Travel Cup for Hiking & Biking,B0CQCKWJ35,https://m.media-amazon.com/images/I/51w7X9t40YL._AC_UL320_.jpg,$24.99,False,,,699
https://www.amazon.com/CERXSOI-Kottonmouth-Stainless-Insulated-Bottles/dp/B0CQCK3D9H/ref=sr_1_228?keywords=water+flask&qid=1708136023&sr=8-228,Kottonmouth Rock Kings Sports Water Bottle 18oz Stainless Insulated Water Bottles Leak Proof Hot and Cold Flask Travel Cup for Hiking & Biking,B0CQCK3D9H,https://m.media-amazon.com/images/I/61qAOnSItiL._AC_UL320_.jpg,$24.99,False,,,699
https://www.amazon.com/CERXSOI-Kottonmouth-Stainless-Insulated-Bottles/dp/B0CQCKX275/ref=sr_1_229?keywords=water+flask&qid=1708136023&sr=8-229,Kottonmouth Rock Kings Sports Water Bottle 18oz Stainless Insulated Water Bottles Leak Proof Hot and Cold Flask Travel Cup for Hiking & Biking,B0CQCKX275,https://m.media-amazon.com/images/I/610TUE2qlnL._AC_UL320_.jpg,$24.99,False,,,699
https://www.amazon.com/CERXSOI-Westside-Stainless-Insulated-Bottles/dp/B0CQCGVD4P/ref=sr_1_230?keywords=water+flask&qid=1708136023&sr=8-230,Westside Singer Gunn Sports Water Bottle 18oz Stainless Insulated Water Bottles Leak Proof Hot and Cold Flask Travel Cup for Hiking & Biking,B0CQCGVD4P,https://m.media-amazon.com/images/I/61A21T80A9L._AC_UL320_.jpg,$24.99,False,,,699
https://www.amazon.com/CERXSOI-Singer-Stainless-Insulated-Bottles/dp/B0CQCJ7NR8/ref=sr_1_231?keywords=water+flask&qid=1708136023&sr=8-231,Huey Rock Lewis and The Singer News Sports Water Bottle 18oz Stainless Insulated Water Bottles Leak Proof Hot and Cold Flask Travel Cup for Hiking & Biking,B0CQCJ7NR8,https://m.media-amazon.com/images/I/61yvHx1V4aL._AC_UL320_.jpg,$24.99,False,,,699
https://www.amazon.com/CERXSOI-Singer-Stainless-Insulated-Bottles/dp/B0CQCKFVQ3/ref=sr_1_232?keywords=water+flask&qid=1708136023&sr=8-232,Huey Rock Lewis and The Singer News Sports Water Bottle 18oz Stainless Insulated Water Bottles Leak Proof Hot and Cold Flask Travel Cup for Hiking & Biking,B0CQCKFVQ3,https://m.media-amazon.com/images/I/51fMKTP7pUL._AC_UL320_.jpg,$24.99,False,,,699
https://www.amazon.com/CERXSOI-Singer-Stainless-Insulated-Bottles/dp/B0CQCJ3224/ref=sr_1_233?keywords=water+flask&qid=1708136023&sr=8-233,Huey Rock Lewis and The Singer News Sports Water Bottle 18oz Stainless Insulated Water Bottles Leak Proof Hot and Cold Flask Travel Cup for Hiking & Biking,B0CQCJ3224,https://m.media-amazon.com/images/I/61Xsoga4RpL._AC_UL320_.jpg,$24.99,False,,,699
https://www.amazon.com/CERXSOI-Singer-Stainless-Insulated-Bottles/dp/B0CQCJQGHD/ref=sr_1_234?keywords=water+flask&qid=1708136023&sr=8-234,Huey Rock Lewis and The Singer News Sports Water Bottle 18oz Stainless Insulated Water Bottles Leak Proof Hot and Cold Flask Travel Cup for Hiking & Biking,B0CQCJQGHD,https://m.media-amazon.com/images/I/61s4U7j7XXL._AC_UL320_.jpg,$24.99,False,,,699
https://www.amazon.com/CERXSOI-Singer-Stainless-Insulated-Bottles/dp/B0CQCK1JTG/ref=sr_1_235?keywords=water+flask&qid=1708136023&sr=8-235,Huey Rock Lewis and The Singer News Sports Water Bottle 18oz Stainless Insulated Water Bottles Leak Proof Hot and Cold Flask Travel Cup for Hiking & Biking,B0CQCK1JTG,https://m.media-amazon.com/images/I/51d+36BLIXL._AC_UL320_.jpg,$24.99,False,,,699
https://www.amazon.com/CERXSOI-Singer-Stainless-Insulated-Bottles/dp/B0CQCJ9VS7/ref=sr_1_236?keywords=water+flask&qid=1708136023&sr=8-236,Huey Rock Lewis and The Singer News Sports Water Bottle 18oz Stainless Insulated Water Bottles Leak Proof Hot and Cold Flask Travel Cup for Hiking & Biking,B0CQCJ9VS7,https://m.media-amazon.com/images/I/61CDZrGfNFL._AC_UL320_.jpg,$24.99,False,,,699
https://www.amazon.com/CERXSOI-Westside-Stainless-Insulated-Bottles/dp/B0CQCJ8KXV/ref=sr_1_237?keywords=water+flask&qid=1708136023&sr=8-237,Westside Singer Gunn Sports Water Bottle 18oz Stainless Insulated Water Bottles Leak Proof Hot and Cold Flask Travel Cup for Hiking & Biking,B0CQCJ8KXV,https://m.media-amazon.com/images/I/61mT5F+ILBL._AC_UL320_.jpg,$24.99,False,,,699
https://www.amazon.com/CERXSOI-Singer-Stainless-Insulated-Bottles/dp/B0CQCJPSTM/ref=sr_1_238?keywords=water+flask&qid=1708136023&sr=8-238,Huey Rock Lewis and The Singer News Sports Water Bottle 18oz Stainless Insulated Water Bottles Leak Proof Hot and Cold Flask Travel Cup for Hiking & Biking,B0CQCJPSTM,https://m.media-amazon.com/images/I/61CNTL0QiDL._AC_UL320_.jpg,$24.99,False,,,699
https://www.amazon.com/CERXSOI-Singer-Stainless-Insulated-Bottles/dp/B0CQCLQWHS/ref=sr_1_239?keywords=water+flask&qid=1708136023&sr=8-239,Mos Rock Def and Talib Singer Kweli Sports Water Bottle 18oz Stainless Insulated Water Bottles Leak Proof Hot and Cold Flask Travel Cup for Hiking & Biking,B0CQCLQWHS,https://m.media-amazon.com/images/I/61XofkvrKjL._AC_UL320_.jpg,$24.99,False,,,699
https://www.amazon.com/frascos-botella-calientes-reutilizable-inoxidable/dp/B0CQJ2BVDH/ref=sr_1_240?keywords=water+flask&qid=1708136023&sr=8-240,"Juego de frascos al vacio, botella de agua aislada con 3 taza de regalo, botella de agua tÃ©rmica para bebidas frÃ­as y calientes, botella de agua reutilizable de acero inoxidable, Vacuum flask set",B0CQJ2BVDH,https://m.media-amazon.com/images/I/51g2u6s0hWL._AC_UL320_.jpg,$15.00,True,,,21
https://www.amazon.com/Yioniii-Rainbow-Insulated-Reusable-Multicolour/dp/B0CMF98S9S/ref=sr_1_241?dib=eyJ2IjoiMSJ9.oQXE-HnNfp_X57pBpEnYfY3N3jX9HeUrt9zaN7WD7P03J8F3JD0OL64ul_WIThz78besbjZ8iBxtBMan73IY87Xr0-4x5twSgtehL1fq2DAeNS-r8GQ3xZEJWw_kbtw2JYCTZ5-Z2nHrPOOYAayh4nXOfmJxcH8ARQDTfntF7D9kh2TsMCvdEvUOurOLr7MHg9u_BdNLmrTey4ae6FnWOFcwXQEoPUUdTlYZ1G5nNsYGY0VxQY2LbrFJtZ5fkJVU7yMjBwvMTMYpxH1snngdNMgovurrg2gKZ_dbX8CShH4.mSYojCi95umWjI2J0x0NpDb8Sv8HK3f2-DWydM1-lqc&dib_tag=se&keywords=water+flask&qid=1708136600&sr=8-241,"Rainbow Clipart pattern 18 oz Insulated Water Bottle,Double Wall Vacuum Metal Thermos Bottle,Reusable Sports Flask For Cold Drink,Multicolour",B0CMF98S9S,https://m.media-amazon.com/images/I/51HI8i2SxRL._AC_UL320_.jpg,$18.98,False,Save 3% at checkout,,599
https://www.amazon.com/NOLITOY-Bottles-Stainless-Professional-Accessory/dp/B0CNWT8VWW/ref=sr_1_242?dib=eyJ2IjoiMSJ9.oQXE-HnNfp_X57pBpEnYfY3N3jX9HeUrt9zaN7WD7P03J8F3JD0OL64ul_WIThz78besbjZ8iBxtBMan73IY87Xr0-4x5twSgtehL1fq2DAeNS-r8GQ3xZEJWw_kbtw2JYCTZ5-Z2nHrPOOYAayh4nXOfmJxcH8ARQDTfntF7D9kh2TsMCvdEvUOurOLr7MHg9u_BdNLmrTey4ae6FnWOFcwXQEoPUUdTlYZ1G5nNsYGY0VxQY2LbrFJtZ5fkJVU7yMjBwvMTMYpxH1snngdNMgovurrg2gKZ_dbX8CShH4.mSYojCi95umWjI2J0x0NpDb8Sv8HK3f2-DWydM1-lqc&dib_tag=se&keywords=water+flask&qid=1708136600&sr=8-242,NOLITOY Sport Bottle Kid Water Bottles Sports Water Bottle Stainless Steel Kettle Warm Keeping Kettle Thermal Bottle Thermal Flask Outdoor Supply Professional Drink Bottle Sports Accessory,B0CNWT8VWW,https://m.media-amazon.com/images/I/51-rBWu2gtL._AC_UL320_.jpg,$17.79,False,,,29
https://www.amazon.com/GANAZONO-Drinking-Outdoor-Portable-Student/dp/B0CQHHBJYV/ref=sr_1_243?dib=eyJ2IjoiMSJ9.oQXE-HnNfp_X57pBpEnYfY3N3jX9HeUrt9zaN7WD7P03J8F3JD0OL64ul_WIThz78besbjZ8iBxtBMan73IY87Xr0-4x5twSgtehL1fq2DAeNS-r8GQ3xZEJWw_kbtw2JYCTZ5-Z2nHrPOOYAayh4nXOfmJxcH8ARQDTfntF7D9kh2TsMCvdEvUOurOLr7MHg9u_BdNLmrTey4ae6FnWOFcwXQEoPUUdTlYZ1G5nNsYGY0VxQY2LbrFJtZ5fkJVU7yMjBwvMTMYpxH1snngdNMgovurrg2gKZ_dbX8CShH4.mSYojCi95umWjI2J0x0NpDb8Sv8HK3f2-DWydM1-lqc&dib_tag=se&keywords=water+flask&qid=1708136600&sr=8-243,GANAZONO Flat Water Flask Flat Drink Bottle Drinking Bottle Flat Kettle for Outdoor Water Bottle for Sports Flat Travel Mug Portable Travel Mug Sports Kettle Coffee Cup Student Water Cup Pp,B0CQHHBJYV,https://m.media-amazon.com/images/I/61AVAETfP1L._AC_UL320_.jpg,$14.29,False,8% coupon applied at checkoutSave 8% with coupon,,29
https://www.amazon.com/Lightweight-Insulated-Stainless-One-Touch-Drinking/dp/B0CQCBHFPR/ref=sr_1_244?dib=eyJ2IjoiMSJ9.oQXE-HnNfp_X57pBpEnYfY3N3jX9HeUrt9zaN7WD7P03J8F3JD0OL64ul_WIThz78besbjZ8iBxtBMan73IY87Xr0-4x5twSgtehL1fq2DAeNS-r8GQ3xZEJWw_kbtw2JYCTZ5-Z2nHrPOOYAayh4nXOfmJxcH8ARQDTfntF7D9kh2TsMCvdEvUOurOLr7MHg9u_BdNLmrTey4ae6FnWOFcwXQEoPUUdTlYZ1G5nNsYGY0VxQY2LbrFJtZ5fkJVU7yMjBwvMTMYpxH1snngdNMgovurrg2gKZ_dbX8CShH4.mSYojCi95umWjI2J0x0NpDb8Sv8HK3f2-DWydM1-lqc&dib_tag=se&keywords=water+flask&qid=1708136600&sr=8-244,"Tufco Water Bottle, 16.9 fl oz (500 ml), Red, Lightweight, Vacuum Insulated, Hot or Cold Insulated, Stainless Steel Bottle, One-Touch Direct Drinking, Thermos Flask",B0CQCBHFPR,https://m.media-amazon.com/images/I/31M6i5taELL._AC_UL320_.jpg,$20.67,False,,,
https://www.amazon.com/BESPORTBLE-Insulated-Drinking-Stainless-Insulation/dp/B0CNZKCD5X/ref=sr_1_245?dib=eyJ2IjoiMSJ9.oQXE-HnNfp_X57pBpEnYfY3N3jX9HeUrt9zaN7WD7P03J8F3JD0OL64ul_WIThz78besbjZ8iBxtBMan73IY87Xr0-4x5twSgtehL1fq2DAeNS-r8GQ3xZEJWw_kbtw2JYCTZ5-Z2nHrPOOYAayh4nXOfmJxcH8ARQDTfntF7D9kh2TsMCvdEvUOurOLr7MHg9u_BdNLmrTey4ae6FnWOFcwXQEoPUUdTlYZ1G5nNsYGY0VxQY2LbrFJtZ5fkJVU7yMjBwvMTMYpxH1snngdNMgovurrg2gKZ_dbX8CShH4.mSYojCi95umWjI2J0x0NpDb8Sv8HK3f2-DWydM1-lqc&dib_tag=se&keywords=water+flask&qid=1708136600&sr=8-245,BESPORTBLE Cup Outdoor Water Flask Vacuum Insulated Tumbler Kids Metal Water Bottles Insulated Water Jug Thermal Metal Water Jug Drinking Bottle Stainless Steel Insulation Travel,B0CNZKCD5X,https://m.media-amazon.com/images/I/41JBctIdFHL._AC_UL320_.jpg,$13.69,False,7% coupon applied at checkoutSave 7% with coupon,,29
https://www.amazon.com/DECHOUS-Waterbottles-Bottles-Capacity-Stainless/dp/B0CPHTT5GR/ref=sr_1_246?dib=eyJ2IjoiMSJ9.oQXE-HnNfp_X57pBpEnYfY3N3jX9HeUrt9zaN7WD7P03J8F3JD0OL64ul_WIThz78besbjZ8iBxtBMan73IY87Xr0-4x5twSgtehL1fq2DAeNS-r8GQ3xZEJWw_kbtw2JYCTZ5-Z2nHrPOOYAayh4nXOfmJxcH8ARQDTfntF7D9kh2TsMCvdEvUOurOLr7MHg9u_BdNLmrTey4ae6FnWOFcwXQEoPUUdTlYZ1G5nNsYGY0VxQY2LbrFJtZ5fkJVU7yMjBwvMTMYpxH1snngdNMgovurrg2gKZ_dbX8CShH4.mSYojCi95umWjI2J0x0NpDb8Sv8HK3f2-DWydM1-lqc&dib_tag=se&keywords=water+flask&qid=1708136600&sr=8-246,Waterbottles Travel Water Bottle Water Bottles Outdoor Water Bottle Small Flask Water Bottle Vacuum Large Capacity Water Bottle Steel Cover Stainless Steel Travel Bottle Fitness,B0CPHTT5GR,https://m.media-amazon.com/images/I/51gLiV-Z85L._AC_UL320_.jpg,$12.89,False,,,29
https://www.amazon.com/BESPORTBLE-Portable-Football-Diagonal-Decorate/dp/B0CQ8HHF44/ref=sr_1_247?dib=eyJ2IjoiMSJ9.oQXE-HnNfp_X57pBpEnYfY3N3jX9HeUrt9zaN7WD7P03J8F3JD0OL64ul_WIThz78besbjZ8iBxtBMan73IY87Xr0-4x5twSgtehL1fq2DAeNS-r8GQ3xZEJWw_kbtw2JYCTZ5-Z2nHrPOOYAayh4nXOfmJxcH8ARQDTfntF7D9kh2TsMCvdEvUOurOLr7MHg9u_BdNLmrTey4ae6FnWOFcwXQEoPUUdTlYZ1G5nNsYGY0VxQY2LbrFJtZ5fkJVU7yMjBwvMTMYpxH1snngdNMgovurrg2gKZ_dbX8CShH4.mSYojCi95umWjI2J0x0NpDb8Sv8HK3f2-DWydM1-lqc&dib_tag=se&keywords=water+flask&qid=1708136600&sr=8-247,BESPORTBLE Portable Cup Gym Water Flask Sports Drink Bottle Football Water Bottles Sports Water Bottle Water Bottles Kids Bike Fitness Water Bottle Kawaii Diagonal Span Plastic Decorate Girl,B0CQ8HHF44,https://m.media-amazon.com/images/I/51yybRKeTBL._AC_UL320_.jpg,$14.09,False,14% coupon applied at checkoutSave 14% with coupon,,29
https://www.amazon.com/BESPORTBLE-Bottles-Plastic-Outdoor-re-usable/dp/B0CNZGM8QF/ref=sr_1_248?dib=eyJ2IjoiMSJ9.oQXE-HnNfp_X57pBpEnYfY3N3jX9HeUrt9zaN7WD7P03J8F3JD0OL64ul_WIThz78besbjZ8iBxtBMan73IY87Xr0-4x5twSgtehL1fq2DAeNS-r8GQ3xZEJWw_kbtw2JYCTZ5-Z2nHrPOOYAayh4nXOfmJxcH8ARQDTfntF7D9kh2TsMCvdEvUOurOLr7MHg9u_BdNLmrTey4ae6FnWOFcwXQEoPUUdTlYZ1G5nNsYGY0VxQY2LbrFJtZ5fkJVU7yMjBwvMTMYpxH1snngdNMgovurrg2gKZ_dbX8CShH4.mSYojCi95umWjI2J0x0NpDb8Sv8HK3f2-DWydM1-lqc&dib_tag=se&keywords=water+flask&qid=1708136600&sr=8-248,BESPORTBLE 1pc Pot Sport Water Bottle Leak Proof Water Bottles for Kids Plastic Water Bottles for Kids Flat Drink Bottle Clear Flask Milk Jug Water Bottle for Outdoor Water Bottle re-usable,B0CNZGM8QF,https://m.media-amazon.com/images/I/51YW+hEH3cL._AC_UL320_.jpg,$11.09,False,"Buy 2, save 3%",,29
https://www.amazon.com/Gogogmee-Bottles-Thermal-Insulated-Stainless/dp/B0CSB1W73B/ref=sr_1_249?dib=eyJ2IjoiMSJ9.oQXE-HnNfp_X57pBpEnYfY3N3jX9HeUrt9zaN7WD7P03J8F3JD0OL64ul_WIThz78besbjZ8iBxtBMan73IY87Xr0-4x5twSgtehL1fq2DAeNS-r8GQ3xZEJWw_kbtw2JYCTZ5-Z2nHrPOOYAayh4nXOfmJxcH8ARQDTfntF7D9kh2TsMCvdEvUOurOLr7MHg9u_BdNLmrTey4ae6FnWOFcwXQEoPUUdTlYZ1G5nNsYGY0VxQY2LbrFJtZ5fkJVU7yMjBwvMTMYpxH1snngdNMgovurrg2gKZ_dbX8CShH4.mSYojCi95umWjI2J0x0NpDb8Sv8HK3f2-DWydM1-lqc&dib_tag=se&keywords=water+flask&qid=1708136600&sr=8-249,Sport Bottle Sports Water Bottle Water Bottles for Kids Thermal Flask Kid Water Bottle Warm Keeping Kettle Thermal Bottle Insulated Water Bottle Double Stainless Steel Large Jug,B0CSB1W73B,https://m.media-amazon.com/images/I/51plkeuzFML._AC_UL320_.jpg,$15.09,False,Save 5% at checkout,,4
https://www.amazon.com/GANAZONO-Portable-Outdoor-Bottles-re-usable/dp/B0CP4Z5R7L/ref=sr_1_250?dib=eyJ2IjoiMSJ9.oQXE-HnNfp_X57pBpEnYfY3N3jX9HeUrt9zaN7WD7P03J8F3JD0OL64ul_WIThz78besbjZ8iBxtBMan73IY87Xr0-4x5twSgtehL1fq2DAeNS-r8GQ3xZEJWw_kbtw2JYCTZ5-Z2nHrPOOYAayh4nXOfmJxcH8ARQDTfntF7D9kh2TsMCvdEvUOurOLr7MHg9u_BdNLmrTey4ae6FnWOFcwXQEoPUUdTlYZ1G5nNsYGY0VxQY2LbrFJtZ5fkJVU7yMjBwvMTMYpxH1snngdNMgovurrg2gKZ_dbX8CShH4.mSYojCi95umWjI2J0x0NpDb8Sv8HK3f2-DWydM1-lqc&dib_tag=se&keywords=water+flask&qid=1708136600&sr=8-250,GANAZONO 1pc Kettle Portable Water Bottle Holder Flat Water Mug Outdoor Cold Water Bottle Flat Slim Water Bottles Outdoor Mug Flat Sports Bottle Water Flask Plastic Hand Cup re-usable,B0CP4Z5R7L,https://m.media-amazon.com/images/I/51pN7MYWwXL._AC_UL320_.jpg,$10.89,False,6% coupon applied at checkoutSave 6% with coupon,,1
https://www.amazon.com/Kigai-Painting-Insulated-Stainless-Leakproof/dp/B0CLL3119D/ref=sr_1_251?dib=eyJ2IjoiMSJ9.oQXE-HnNfp_X57pBpEnYfY3N3jX9HeUrt9zaN7WD7P03J8F3JD0OL64ul_WIThz78besbjZ8iBxtBMan73IY87Xr0-4x5twSgtehL1fq2DAeNS-r8GQ3xZEJWw_kbtw2JYCTZ5-Z2nHrPOOYAayh4nXOfmJxcH8ARQDTfntF7D9kh2TsMCvdEvUOurOLr7MHg9u_BdNLmrTey4ae6FnWOFcwXQEoPUUdTlYZ1G5nNsYGY0VxQY2LbrFJtZ5fkJVU7yMjBwvMTMYpxH1snngdNMgovurrg2gKZ_dbX8CShH4.mSYojCi95umWjI2J0x0NpDb8Sv8HK3f2-DWydM1-lqc&dib_tag=se&keywords=water+flask&qid=1708136600&sr=8-251,"Space Painting Kids Water Bottle, BPA-Free Vacuum Insulated Stainless Steel Water Bottle with Straw Lid Double Walled Leakproof Flask for Girls Boys Toddlers, 12Oz",B0CLL3119D,https://m.media-amazon.com/images/I/61ZZNrIOgXL._AC_UL320_.jpg,$16.99,False,,,6
https://www.amazon.com/xigua-Bottle-Insulated-Stainless-Cycling/dp/B0CQCDTWV7/ref=sr_1_252?dib=eyJ2IjoiMSJ9.oQXE-HnNfp_X57pBpEnYfY3N3jX9HeUrt9zaN7WD7P03J8F3JD0OL64ul_WIThz78besbjZ8iBxtBMan73IY87Xr0-4x5twSgtehL1fq2DAeNS-r8GQ3xZEJWw_kbtw2JYCTZ5-Z2nHrPOOYAayh4nXOfmJxcH8ARQDTfntF7D9kh2TsMCvdEvUOurOLr7MHg9u_BdNLmrTey4ae6FnWOFcwXQEoPUUdTlYZ1G5nNsYGY0VxQY2LbrFJtZ5fkJVU7yMjBwvMTMYpxH1snngdNMgovurrg2gKZ_dbX8CShH4.mSYojCi95umWjI2J0x0NpDb8Sv8HK3f2-DWydM1-lqc&dib_tag=se&keywords=water+flask&qid=1708136600&sr=8-252,"xigua Funny Duck Water Bottle with Straw Lid Vacuum Insulated Stainless Steel Thermo Flask for Sports Cycling Hiking School Home,20 oz.",B0CQCDTWV7,https://m.media-amazon.com/images/I/51vvSPXiEiL._AC_UL320_.jpg,$18.99,False,($0.95$0.95/Fl Oz)$0.95,,8
https://www.amazon.com/Aesthetic-Friendly-Materials-Leakproof-Creative/dp/B0CMQD8RND/ref=sr_1_253?dib=eyJ2IjoiMSJ9.oQXE-HnNfp_X57pBpEnYfY3N3jX9HeUrt9zaN7WD7P03J8F3JD0OL64ul_WIThz78besbjZ8iBxtBMan73IY87Xr0-4x5twSgtehL1fq2DAeNS-r8GQ3xZEJWw_kbtw2JYCTZ5-Z2nHrPOOYAayh4nXOfmJxcH8ARQDTfntF7D9kh2TsMCvdEvUOurOLr7MHg9u_BdNLmrTey4ae6FnWOFcwXQEoPUUdTlYZ1G5nNsYGY0VxQY2LbrFJtZ5fkJVU7yMjBwvMTMYpxH1snngdNMgovurrg2gKZ_dbX8CShH4.mSYojCi95umWjI2J0x0NpDb8Sv8HK3f2-DWydM1-lqc&dib_tag=se&keywords=water+flask&qid=1708136600&sr=8-253,"Flat Water Bottle, Aesthetic Flat Flask, Purse Flat Water Bottle with Eco Friendly Materials, Leakproof Clear Flask with Creative Design, Portable Travel Flat Water Bottle for School Fitness Travel",B0CMQD8RND,https://m.media-amazon.com/images/I/51r7ZQGbpFL._AC_UL320_.jpg,$10.35,False,Save 3% at checkout,,399
https://www.amazon.com/Kigai-BPA-Free-Insulated-Stainless-Leakproof/dp/B0CMWPYBMG/ref=sr_1_254?dib=eyJ2IjoiMSJ9.oQXE-HnNfp_X57pBpEnYfY3N3jX9HeUrt9zaN7WD7P03J8F3JD0OL64ul_WIThz78besbjZ8iBxtBMan73IY87Xr0-4x5twSgtehL1fq2DAeNS-r8GQ3xZEJWw_kbtw2JYCTZ5-Z2nHrPOOYAayh4nXOfmJxcH8ARQDTfntF7D9kh2TsMCvdEvUOurOLr7MHg9u_BdNLmrTey4ae6FnWOFcwXQEoPUUdTlYZ1G5nNsYGY0VxQY2LbrFJtZ5fkJVU7yMjBwvMTMYpxH1snngdNMgovurrg2gKZ_dbX8CShH4.mSYojCi95umWjI2J0x0NpDb8Sv8HK3f2-DWydM1-lqc&dib_tag=se&keywords=water+flask&qid=1708136600&sr=8-254,"Wolf Kids Water Bottle, BPA-Free Vacuum Insulated Stainless Steel Water Bottle with Straw Lid Double Walled Leakproof Flask for Girls Boys Toddlers, 12Oz",B0CMWPYBMG,https://m.media-amazon.com/images/I/61NgBRmDguL._AC_UL320_.jpg,$16.99,False,($1.42$1.42/Fl Oz)$1.42,,6
https://www.amazon.com/OATTIS-Handled-Stainless-Tumblers-Portable/dp/B0CMHWYXSZ/ref=sr_1_255?dib=eyJ2IjoiMSJ9.oQXE-HnNfp_X57pBpEnYfY3N3jX9HeUrt9zaN7WD7P03J8F3JD0OL64ul_WIThz78besbjZ8iBxtBMan73IY87Xr0-4x5twSgtehL1fq2DAeNS-r8GQ3xZEJWw_kbtw2JYCTZ5-Z2nHrPOOYAayh4nXOfmJxcH8ARQDTfntF7D9kh2TsMCvdEvUOurOLr7MHg9u_BdNLmrTey4ae6FnWOFcwXQEoPUUdTlYZ1G5nNsYGY0VxQY2LbrFJtZ5fkJVU7yMjBwvMTMYpxH1snngdNMgovurrg2gKZ_dbX8CShH4.mSYojCi95umWjI2J0x0NpDb8Sv8HK3f2-DWydM1-lqc&dib_tag=se&keywords=water+flask&qid=1708136600&sr=8-255,"Handled Flask, 40oz Thermal Tumbler, Double Walled Water Bottle, Stainless Steel Water Tumblers, Leak Proof Water Bottle, Portable Thermal Mug, Water Bottles for Home Travel Sport and Workout",B0CMHWYXSZ,https://m.media-amazon.com/images/I/51wDCWXIPVL._AC_UL320_.jpg,$29.22,False,Save 2% at checkout,,399
https://www.amazon.com/Halloween-Insulated-Bottle-Stainless-Canteen/dp/B0CMCWNJ8W/ref=sr_1_256?dib=eyJ2IjoiMSJ9.oQXE-HnNfp_X57pBpEnYfY3N3jX9HeUrt9zaN7WD7P03J8F3JD0OL64ul_WIThz78besbjZ8iBxtBMan73IY87Xr0-4x5twSgtehL1fq2DAeNS-r8GQ3xZEJWw_kbtw2JYCTZ5-Z2nHrPOOYAayh4nXOfmJxcH8ARQDTfntF7D9kh2TsMCvdEvUOurOLr7MHg9u_BdNLmrTey4ae6FnWOFcwXQEoPUUdTlYZ1G5nNsYGY0VxQY2LbrFJtZ5fkJVU7yMjBwvMTMYpxH1snngdNMgovurrg2gKZ_dbX8CShH4.mSYojCi95umWjI2J0x0NpDb8Sv8HK3f2-DWydM1-lqc&dib_tag=se&keywords=water+flask&qid=1708136600&sr=8-256,"Halloween Witch Hat Insulated Water Bottle with Straw Lid 20oz Sports Water Flask Double Wall Vacuum Stainless Steel Water Bottle BPA Free Leak Proof Metal Canteen for School, Sports, Gym",B0CMCWNJ8W,https://m.media-amazon.com/images/I/51A+p1SJj+L._AC_UL320_.jpg,$27.99,False,,,6
https://www.amazon.com/Halloween-Moonlight-Pumpkin-Insulated-Stainless/dp/B0CMCTGVK4/ref=sr_1_257?dib=eyJ2IjoiMSJ9.oQXE-HnNfp_X57pBpEnYfY3N3jX9HeUrt9zaN7WD7P03J8F3JD0OL64ul_WIThz78besbjZ8iBxtBMan73IY87Xr0-4x5twSgtehL1fq2DAeNS-r8GQ3xZEJWw_kbtw2JYCTZ5-Z2nHrPOOYAayh4nXOfmJxcH8ARQDTfntF7D9kh2TsMCvdEvUOurOLr7MHg9u_BdNLmrTey4ae6FnWOFcwXQEoPUUdTlYZ1G5nNsYGY0VxQY2LbrFJtZ5fkJVU7yMjBwvMTMYpxH1snngdNMgovurrg2gKZ_dbX8CShH4.mSYojCi95umWjI2J0x0NpDb8Sv8HK3f2-DWydM1-lqc&dib_tag=se&keywords=water+flask&qid=1708136600&sr=8-257,"Halloween Moonlight Pumpkin Insulated Water Bottle with Straw Lid 20oz Sports Water Flask Double Wall Vacuum Stainless Steel Water Bottle BPA Free Leak Proof Metal Canteen for School, Sports, Gym",B0CMCTGVK4,https://m.media-amazon.com/images/I/51tYt1rg-IL._AC_UL320_.jpg,$27.99,False,,,6
https://www.amazon.com/Magical-Galaxy-Insulated-Stainless-Canteen/dp/B0CM9GVZGB/ref=sr_1_258?dib=eyJ2IjoiMSJ9.oQXE-HnNfp_X57pBpEnYfY3N3jX9HeUrt9zaN7WD7P03J8F3JD0OL64ul_WIThz78besbjZ8iBxtBMan73IY87Xr0-4x5twSgtehL1fq2DAeNS-r8GQ3xZEJWw_kbtw2JYCTZ5-Z2nHrPOOYAayh4nXOfmJxcH8ARQDTfntF7D9kh2TsMCvdEvUOurOLr7MHg9u_BdNLmrTey4ae6FnWOFcwXQEoPUUdTlYZ1G5nNsYGY0VxQY2LbrFJtZ5fkJVU7yMjBwvMTMYpxH1snngdNMgovurrg2gKZ_dbX8CShH4.mSYojCi95umWjI2J0x0NpDb8Sv8HK3f2-DWydM1-lqc&dib_tag=se&keywords=water+flask&qid=1708136600&sr=8-258,"Magical Galaxy Star Insulated Water Bottle with Straw Lid 20oz Sports Water Flask Double Wall Vacuum Stainless Steel Water Bottle BPA Free Leak Proof Metal Canteen for School, Sports, Gym",B0CM9GVZGB,https://m.media-amazon.com/images/I/51JrSXKJ7eL._AC_UL320_.jpg,$27.99,False,,,6
https://www.amazon.com/Pineapple-Insulated-Bottle-Stainless-Canteen/dp/B0CM97LN7V/ref=sr_1_259?dib=eyJ2IjoiMSJ9.oQXE-HnNfp_X57pBpEnYfY3N3jX9HeUrt9zaN7WD7P03J8F3JD0OL64ul_WIThz78besbjZ8iBxtBMan73IY87Xr0-4x5twSgtehL1fq2DAeNS-r8GQ3xZEJWw_kbtw2JYCTZ5-Z2nHrPOOYAayh4nXOfmJxcH8ARQDTfntF7D9kh2TsMCvdEvUOurOLr7MHg9u_BdNLmrTey4ae6FnWOFcwXQEoPUUdTlYZ1G5nNsYGY0VxQY2LbrFJtZ5fkJVU7yMjBwvMTMYpxH1snngdNMgovurrg2gKZ_dbX8CShH4.mSYojCi95umWjI2J0x0NpDb8Sv8HK3f2-DWydM1-lqc&dib_tag=se&keywords=water+flask&qid=1708136600&sr=8-259,"Skull Pineapple Insulated Water Bottle with Straw Lid 20oz Sports Water Flask Double Wall Vacuum Stainless Steel Water Bottle BPA Free Leak Proof Metal Canteen for School, Sports, Gym",B0CM97LN7V,https://m.media-amazon.com/images/I/51eY7cA-91L._AC_UL320_.jpg,$27.99,False,,,6
https://www.amazon.com/Kawaii-Sloths-Insulated-Stainless-Canteen/dp/B0CM948DKQ/ref=sr_1_260?dib=eyJ2IjoiMSJ9.oQXE-HnNfp_X57pBpEnYfY3N3jX9HeUrt9zaN7WD7P03J8F3JD0OL64ul_WIThz78besbjZ8iBxtBMan73IY87Xr0-4x5twSgtehL1fq2DAeNS-r8GQ3xZEJWw_kbtw2JYCTZ5-Z2nHrPOOYAayh4nXOfmJxcH8ARQDTfntF7D9kh2TsMCvdEvUOurOLr7MHg9u_BdNLmrTey4ae6FnWOFcwXQEoPUUdTlYZ1G5nNsYGY0VxQY2LbrFJtZ5fkJVU7yMjBwvMTMYpxH1snngdNMgovurrg2gKZ_dbX8CShH4.mSYojCi95umWjI2J0x0NpDb8Sv8HK3f2-DWydM1-lqc&dib_tag=se&keywords=water+flask&qid=1708136600&sr=8-260,"Kawaii Sloths Insulated Water Bottle with Straw Lid 20oz Sports Water Flask Double Wall Vacuum Stainless Steel Water Bottle BPA Free Leak Proof Metal Canteen for School, Sports, Gym",B0CM948DKQ,https://m.media-amazon.com/images/I/51j5mFBsADL._AC_UL320_.jpg,$27.99,False,,,6
https://www.amazon.com/Flying-Butterflies-Insulated-Stainless-Canteen/dp/B0CM91YB51/ref=sr_1_261?dib=eyJ2IjoiMSJ9.oQXE-HnNfp_X57pBpEnYfY3N3jX9HeUrt9zaN7WD7P03J8F3JD0OL64ul_WIThz78besbjZ8iBxtBMan73IY87Xr0-4x5twSgtehL1fq2DAeNS-r8GQ3xZEJWw_kbtw2JYCTZ5-Z2nHrPOOYAayh4nXOfmJxcH8ARQDTfntF7D9kh2TsMCvdEvUOurOLr7MHg9u_BdNLmrTey4ae6FnWOFcwXQEoPUUdTlYZ1G5nNsYGY0VxQY2LbrFJtZ5fkJVU7yMjBwvMTMYpxH1snngdNMgovurrg2gKZ_dbX8CShH4.mSYojCi95umWjI2J0x0NpDb8Sv8HK3f2-DWydM1-lqc&dib_tag=se&keywords=water+flask&qid=1708136600&sr=8-261,"Flying Butterflies Insulated Water Bottle with Straw Lid 20oz Sports Water Flask Double Wall Vacuum Stainless Steel Water Bottle BPA Free Leak Proof Metal Canteen for School, Sports, Gym",B0CM91YB51,https://m.media-amazon.com/images/I/51-Pl+2PTXL._AC_UL320_.jpg,$27.99,False,,,6
https://www.amazon.com/heybb-Workout-Hydration-Leakproof-Portable/dp/B0CNPC6F3M/ref=sr_1_262?dib=eyJ2IjoiMSJ9.oQXE-HnNfp_X57pBpEnYfY3N3jX9HeUrt9zaN7WD7P03J8F3JD0OL64ul_WIThz78besbjZ8iBxtBMan73IY87Xr0-4x5twSgtehL1fq2DAeNS-r8GQ3xZEJWw_kbtw2JYCTZ5-Z2nHrPOOYAayh4nXOfmJxcH8ARQDTfntF7D9kh2TsMCvdEvUOurOLr7MHg9u_BdNLmrTey4ae6FnWOFcwXQEoPUUdTlYZ1G5nNsYGY0VxQY2LbrFJtZ5fkJVU7yMjBwvMTMYpxH1snngdNMgovurrg2gKZ_dbX8CShH4.mSYojCi95umWjI2J0x0NpDb8Sv8HK3f2-DWydM1-lqc&dib_tag=se&keywords=water+flask&qid=1708136600&sr=8-262,"Workout Hydration Flask, 400ml Cycling Water Bottle, Glass Hydration Bottle with Strap, Leakproof Sports Outdoor Water Bottle, Portable Bottle for Sports, Running, Camping, Hiking, School",B0CNPC6F3M,https://m.media-amazon.com/images/I/61wnfSI16xL._AC_UL320_.jpg,$10.42,False,Save 3% at checkout,,199
https://www.amazon.com/Stainless-Vacuum-Bottle-Double-Insulated/dp/B0CQ82WLYT/ref=sr_1_263?dib=eyJ2IjoiMSJ9.oQXE-HnNfp_X57pBpEnYfY3N3jX9HeUrt9zaN7WD7P03J8F3JD0OL64ul_WIThz78besbjZ8iBxtBMan73IY87Xr0-4x5twSgtehL1fq2DAeNS-r8GQ3xZEJWw_kbtw2JYCTZ5-Z2nHrPOOYAayh4nXOfmJxcH8ARQDTfntF7D9kh2TsMCvdEvUOurOLr7MHg9u_BdNLmrTey4ae6FnWOFcwXQEoPUUdTlYZ1G5nNsYGY0VxQY2LbrFJtZ5fkJVU7yMjBwvMTMYpxH1snngdNMgovurrg2gKZ_dbX8CShH4.mSYojCi95umWjI2J0x0NpDb8Sv8HK3f2-DWydM1-lqc&dib_tag=se&keywords=water+flask&qid=1708136600&sr=8-263,Stainless Steel Vacuum Flask Water Bottle Double Wall Insulated Sport Drink .c WeiÃ,B0CQ82WLYT,https://m.media-amazon.com/images/I/31-5KVD83RL._AC_UL320_.jpg,$14.43,False,,,5
https://www.amazon.com/BESPORTBLE-Dumbbell-Adjustable-Capacity-re-usable/dp/B0CRPWRXGL/ref=sr_1_264?dib=eyJ2IjoiMSJ9.oQXE-HnNfp_X57pBpEnYfY3N3jX9HeUrt9zaN7WD7P03J8F3JD0OL64ul_WIThz78besbjZ8iBxtBMan73IY87Xr0-4x5twSgtehL1fq2DAeNS-r8GQ3xZEJWw_kbtw2JYCTZ5-Z2nHrPOOYAayh4nXOfmJxcH8ARQDTfntF7D9kh2TsMCvdEvUOurOLr7MHg9u_BdNLmrTey4ae6FnWOFcwXQEoPUUdTlYZ1G5nNsYGY0VxQY2LbrFJtZ5fkJVU7yMjBwvMTMYpxH1snngdNMgovurrg2gKZ_dbX8CShH4.mSYojCi95umWjI2J0x0NpDb8Sv8HK3f2-DWydM1-lqc&dib_tag=se&keywords=water+flask&qid=1708136600&sr=8-264,BESPORTBLE 1pc Kettle Gym Water Bottles Plastic Dumbbell Water Bottle Flask Water Bottles Adjustable Barbell Plastic Water Pitcher Dumbbell Shaped Water Bottles Travel High Capacity re-usable,B0CRPWRXGL,https://m.media-amazon.com/images/I/51Bof7-lLuL._AC_UL320_.jpg,$13.69,False,6% coupon applied at checkoutSave 6% with coupon,,29
https://www.amazon.com/Kigai-Stainless-Insulated-Leakproof-Toddlers/dp/B0CPJ6ND4G/ref=sr_1_265?dib=eyJ2IjoiMSJ9.oQXE-HnNfp_X57pBpEnYfY3N3jX9HeUrt9zaN7WD7P03J8F3JD0OL64ul_WIThz78besbjZ8iBxtBMan73IY87Xr0-4x5twSgtehL1fq2DAeNS-r8GQ3xZEJWw_kbtw2JYCTZ5-Z2nHrPOOYAayh4nXOfmJxcH8ARQDTfntF7D9kh2TsMCvdEvUOurOLr7MHg9u_BdNLmrTey4ae6FnWOFcwXQEoPUUdTlYZ1G5nNsYGY0VxQY2LbrFJtZ5fkJVU7yMjBwvMTMYpxH1snngdNMgovurrg2gKZ_dbX8CShH4.mSYojCi95umWjI2J0x0NpDb8Sv8HK3f2-DWydM1-lqc&dib_tag=se&keywords=water+flask&qid=1708136600&sr=8-265,"Green Dots Kids Water Bottle with Straw Lid, BPA Free, 12oz Stainless Steel Vacuum Insulated Leakproof Flask Kids Thermos for Toddlers, School, Office",B0CPJ6ND4G,https://m.media-amazon.com/images/I/51-uLi+-ayL._AC_UL320_.jpg,$16.99,False,,,6
https://www.amazon.com/Kigai-Highland-Stainless-Insulated-Leakproof/dp/B0CPJ6MMJ2/ref=sr_1_266?dib=eyJ2IjoiMSJ9.oQXE-HnNfp_X57pBpEnYfY3N3jX9HeUrt9zaN7WD7P03J8F3JD0OL64ul_WIThz78besbjZ8iBxtBMan73IY87Xr0-4x5twSgtehL1fq2DAeNS-r8GQ3xZEJWw_kbtw2JYCTZ5-Z2nHrPOOYAayh4nXOfmJxcH8ARQDTfntF7D9kh2TsMCvdEvUOurOLr7MHg9u_BdNLmrTey4ae6FnWOFcwXQEoPUUdTlYZ1G5nNsYGY0VxQY2LbrFJtZ5fkJVU7yMjBwvMTMYpxH1snngdNMgovurrg2gKZ_dbX8CShH4.mSYojCi95umWjI2J0x0NpDb8Sv8HK3f2-DWydM1-lqc&dib_tag=se&keywords=water+flask&qid=1708136600&sr=8-266,"Highland Cow Kids Water Bottle with Straw Lid, BPA Free, 12oz Stainless Steel Vacuum Insulated Leakproof Flask Kids Thermos for Toddlers, School, Office",B0CPJ6MMJ2,https://m.media-amazon.com/images/I/61t8opqSEdL._AC_UL320_.jpg,$16.99,False,,,6
https://www.amazon.com/Kigai-Stainless-Insulated-Leakproof-Toddlers/dp/B0CPJ6GG39/ref=sr_1_267?dib=eyJ2IjoiMSJ9.oQXE-HnNfp_X57pBpEnYfY3N3jX9HeUrt9zaN7WD7P03J8F3JD0OL64ul_WIThz78besbjZ8iBxtBMan73IY87Xr0-4x5twSgtehL1fq2DAeNS-r8GQ3xZEJWw_kbtw2JYCTZ5-Z2nHrPOOYAayh4nXOfmJxcH8ARQDTfntF7D9kh2TsMCvdEvUOurOLr7MHg9u_BdNLmrTey4ae6FnWOFcwXQEoPUUdTlYZ1G5nNsYGY0VxQY2LbrFJtZ5fkJVU7yMjBwvMTMYpxH1snngdNMgovurrg2gKZ_dbX8CShH4.mSYojCi95umWjI2J0x0NpDb8Sv8HK3f2-DWydM1-lqc&dib_tag=se&keywords=water+flask&qid=1708136600&sr=8-267,"Rainbow Unicorn Kids Water Bottle with Straw Lid, BPA Free, 12oz Stainless Steel Vacuum Insulated Leakproof Flask Kids Thermos for Toddlers, School, Office",B0CPJ6GG39,https://m.media-amazon.com/images/I/614O-D5qHjL._AC_UL320_.jpg,$16.99,False,($1.42$1.42/Fl Oz)$1.42,,6
https://www.amazon.com/Kigai-Colourful-Christmas-Stainless-Insulated/dp/B0CPJ6CC6N/ref=sr_1_268?dib=eyJ2IjoiMSJ9.oQXE-HnNfp_X57pBpEnYfY3N3jX9HeUrt9zaN7WD7P03J8F3JD0OL64ul_WIThz78besbjZ8iBxtBMan73IY87Xr0-4x5twSgtehL1fq2DAeNS-r8GQ3xZEJWw_kbtw2JYCTZ5-Z2nHrPOOYAayh4nXOfmJxcH8ARQDTfntF7D9kh2TsMCvdEvUOurOLr7MHg9u_BdNLmrTey4ae6FnWOFcwXQEoPUUdTlYZ1G5nNsYGY0VxQY2LbrFJtZ5fkJVU7yMjBwvMTMYpxH1snngdNMgovurrg2gKZ_dbX8CShH4.mSYojCi95umWjI2J0x0NpDb8Sv8HK3f2-DWydM1-lqc&dib_tag=se&keywords=water+flask&qid=1708136600&sr=8-268,"Colourful Christmas Pattern Kids Water Bottle with Straw Lid, BPA Free, 12oz Stainless Steel Vacuum Insulated Leakproof Flask Kids Thermos for Toddlers, School, Office",B0CPJ6CC6N,https://m.media-amazon.com/images/I/610T2uuVyVL._AC_UL320_.jpg,$16.99,False,,,6
https://www.amazon.com/Kigai-Stainless-Insulated-Leakproof-Toddlers/dp/B0CPJ59RT1/ref=sr_1_269?dib=eyJ2IjoiMSJ9.oQXE-HnNfp_X57pBpEnYfY3N3jX9HeUrt9zaN7WD7P03J8F3JD0OL64ul_WIThz78besbjZ8iBxtBMan73IY87Xr0-4x5twSgtehL1fq2DAeNS-r8GQ3xZEJWw_kbtw2JYCTZ5-Z2nHrPOOYAayh4nXOfmJxcH8ARQDTfntF7D9kh2TsMCvdEvUOurOLr7MHg9u_BdNLmrTey4ae6FnWOFcwXQEoPUUdTlYZ1G5nNsYGY0VxQY2LbrFJtZ5fkJVU7yMjBwvMTMYpxH1snngdNMgovurrg2gKZ_dbX8CShH4.mSYojCi95umWjI2J0x0NpDb8Sv8HK3f2-DWydM1-lqc&dib_tag=se&keywords=water+flask&qid=1708136600&sr=8-269,"Plane Car Bike Kids Water Bottle with Straw Lid, BPA Free, 12oz Stainless Steel Vacuum Insulated Leakproof Flask Kids Thermos for Toddlers, School, Office",B0CPJ59RT1,https://m.media-amazon.com/images/I/518iHZxy7RL._AC_UL320_.jpg,$16.99,False,($1.42$1.42/Fl Oz)$1.42,,6
https://www.amazon.com/Believe-Sticker-Inclusion-Tumbler-Stickers/dp/B0CNGCGR96/ref=sr_1_270?dib=eyJ2IjoiMSJ9.oQXE-HnNfp_X57pBpEnYfY3N3jX9HeUrt9zaN7WD7P03J8F3JD0OL64ul_WIThz78besbjZ8iBxtBMan73IY87Xr0-4x5twSgtehL1fq2DAeNS-r8GQ3xZEJWw_kbtw2JYCTZ5-Z2nHrPOOYAayh4nXOfmJxcH8ARQDTfntF7D9kh2TsMCvdEvUOurOLr7MHg9u_BdNLmrTey4ae6FnWOFcwXQEoPUUdTlYZ1G5nNsYGY0VxQY2LbrFJtZ5fkJVU7yMjBwvMTMYpxH1snngdNMgovurrg2gKZ_dbX8CShH4.mSYojCi95umWjI2J0x0NpDb8Sv8HK3f2-DWydM1-lqc&dib_tag=se&keywords=water+flask&qid=1708136600&sr=8-270,Believe There Is Good in the World Sticker Inclusion Laptop Decal Change Sticker Tumbler Stickers Inclusion Public Water Bottle Sticker,B0CNGCGR96,https://m.media-amazon.com/images/I/619WgmEyNCL._AC_UL320_.jpg,$3.95,False,"Buy 2, save 5%",,23
https://www.amazon.com/Kigai-BPA-Free-Insulated-Stainless-Leakproof/dp/B0CLL2L7H7/ref=sr_1_271?dib=eyJ2IjoiMSJ9.oQXE-HnNfp_X57pBpEnYfY3N3jX9HeUrt9zaN7WD7P03J8F3JD0OL64ul_WIThz78besbjZ8iBxtBMan73IY87Xr0-4x5twSgtehL1fq2DAeNS-r8GQ3xZEJWw_kbtw2JYCTZ5-Z2nHrPOOYAayh4nXOfmJxcH8ARQDTfntF7D9kh2TsMCvdEvUOurOLr7MHg9u_BdNLmrTey4ae6FnWOFcwXQEoPUUdTlYZ1G5nNsYGY0VxQY2LbrFJtZ5fkJVU7yMjBwvMTMYpxH1snngdNMgovurrg2gKZ_dbX8CShH4.mSYojCi95umWjI2J0x0NpDb8Sv8HK3f2-DWydM1-lqc&dib_tag=se&keywords=water+flask&qid=1708136600&sr=8-271,"Black Cat Kids Water Bottle, BPA-Free Vacuum Insulated Stainless Steel Water Bottle with Straw Lid Double Walled Leakproof Flask for Girls Boys Toddlers, 12Oz",B0CLL2L7H7,https://m.media-amazon.com/images/I/51JJ0hPRWAL._AC_UL320_.jpg,$16.99,False,,,6
https://www.amazon.com/Kigai-Christmas-Insulated-Stainless-Leakproof/dp/B0CLL2DGJQ/ref=sr_1_272?dib=eyJ2IjoiMSJ9.oQXE-HnNfp_X57pBpEnYfY3N3jX9HeUrt9zaN7WD7P03J8F3JD0OL64ul_WIThz78besbjZ8iBxtBMan73IY87Xr0-4x5twSgtehL1fq2DAeNS-r8GQ3xZEJWw_kbtw2JYCTZ5-Z2nHrPOOYAayh4nXOfmJxcH8ARQDTfntF7D9kh2TsMCvdEvUOurOLr7MHg9u_BdNLmrTey4ae6FnWOFcwXQEoPUUdTlYZ1G5nNsYGY0VxQY2LbrFJtZ5fkJVU7yMjBwvMTMYpxH1snngdNMgovurrg2gKZ_dbX8CShH4.mSYojCi95umWjI2J0x0NpDb8Sv8HK3f2-DWydM1-lqc&dib_tag=se&keywords=water+flask&qid=1708136600&sr=8-272,"Christmas Deer Kids Water Bottle, BPA-Free Vacuum Insulated Stainless Steel Water Bottle with Straw Lid Double Walled Leakproof Flask for Girls Boys Toddlers, 12Oz",B0CLL2DGJQ,https://m.media-amazon.com/images/I/611M+OgWX1L._AC_UL320_.jpg,$16.99,False,,,6
https://www.amazon.com/Remember-Started-Motivational-Stickers-Tumbler/dp/B0CRZ9PH56/ref=sr_1_273?dib=eyJ2IjoiMSJ9.oQXE-HnNfp_X57pBpEnYfY3N3jX9HeUrt9zaN7WD7P03J8F3JD0OL64ul_WIThz78besbjZ8iBxtBMan73IY87Xr0-4x5twSgtehL1fq2DAeNS-r8GQ3xZEJWw_kbtw2JYCTZ5-Z2nHrPOOYAayh4nXOfmJxcH8ARQDTfntF7D9kh2TsMCvdEvUOurOLr7MHg9u_BdNLmrTey4ae6FnWOFcwXQEoPUUdTlYZ1G5nNsYGY0VxQY2LbrFJtZ5fkJVU7yMjBwvMTMYpxH1snngdNMgovurrg2gKZ_dbX8CShH4.mSYojCi95umWjI2J0x0NpDb8Sv8HK3f2-DWydM1-lqc&dib_tag=se&keywords=water+flask&qid=1708136600&sr=8-273,Remember Why You Started Motivational Laptop Stickers Funny Stickers Laptop Decals Tumbler Stickers Car Stickers Water Bottle Sticker,B0CRZ9PH56,https://m.media-amazon.com/images/I/61zdUpAJTTL._AC_UL320_.jpg,$3.99,False,"Buy 2, save 5%",,23
https://www.amazon.com/xigua-Cartoon-Transport-Insulated-Stainless/dp/B0CQCDX594/ref=sr_1_274?dib=eyJ2IjoiMSJ9.oQXE-HnNfp_X57pBpEnYfY3N3jX9HeUrt9zaN7WD7P03J8F3JD0OL64ul_WIThz78besbjZ8iBxtBMan73IY87Xr0-4x5twSgtehL1fq2DAeNS-r8GQ3xZEJWw_kbtw2JYCTZ5-Z2nHrPOOYAayh4nXOfmJxcH8ARQDTfntF7D9kh2TsMCvdEvUOurOLr7MHg9u_BdNLmrTey4ae6FnWOFcwXQEoPUUdTlYZ1G5nNsYGY0VxQY2LbrFJtZ5fkJVU7yMjBwvMTMYpxH1snngdNMgovurrg2gKZ_dbX8CShH4.mSYojCi95umWjI2J0x0NpDb8Sv8HK3f2-DWydM1-lqc&dib_tag=se&keywords=water+flask&qid=1708136600&sr=8-274,"xigua Cartoon Transport Water Bottle with Straw Lid Vacuum Insulated Stainless Steel Thermo Flask for Sports Cycling Hiking School Home,20 oz.",B0CQCDX594,https://m.media-amazon.com/images/I/51Xe-nY3UyL._AC_UL320_.jpg,$18.99,False,,,8
https://www.amazon.com/xigua-Bottle-Insulated-Stainless-Cycling/dp/B0CQCDWFZG/ref=sr_1_275?dib=eyJ2IjoiMSJ9.oQXE-HnNfp_X57pBpEnYfY3N3jX9HeUrt9zaN7WD7P03J8F3JD0OL64ul_WIThz78besbjZ8iBxtBMan73IY87Xr0-4x5twSgtehL1fq2DAeNS-r8GQ3xZEJWw_kbtw2JYCTZ5-Z2nHrPOOYAayh4nXOfmJxcH8ARQDTfntF7D9kh2TsMCvdEvUOurOLr7MHg9u_BdNLmrTey4ae6FnWOFcwXQEoPUUdTlYZ1G5nNsYGY0VxQY2LbrFJtZ5fkJVU7yMjBwvMTMYpxH1snngdNMgovurrg2gKZ_dbX8CShH4.mSYojCi95umWjI2J0x0NpDb8Sv8HK3f2-DWydM1-lqc&dib_tag=se&keywords=water+flask&qid=1708136600&sr=8-275,"xigua Cute Bunny Pink Water Bottle with Straw Lid Vacuum Insulated Stainless Steel Thermo Flask for Sports Cycling Hiking School Home,20 oz.",B0CQCDWFZG,https://m.media-amazon.com/images/I/51wswiyT-jL._AC_UL320_.jpg,$18.99,False,($0.95$0.95/Fl Oz)$0.95,,8
https://www.amazon.com/xigua-Cartoon-Insulated-Stainless-Cycling/dp/B0CQCBQD29/ref=sr_1_276?dib=eyJ2IjoiMSJ9.oQXE-HnNfp_X57pBpEnYfY3N3jX9HeUrt9zaN7WD7P03J8F3JD0OL64ul_WIThz78besbjZ8iBxtBMan73IY87Xr0-4x5twSgtehL1fq2DAeNS-r8GQ3xZEJWw_kbtw2JYCTZ5-Z2nHrPOOYAayh4nXOfmJxcH8ARQDTfntF7D9kh2TsMCvdEvUOurOLr7MHg9u_BdNLmrTey4ae6FnWOFcwXQEoPUUdTlYZ1G5nNsYGY0VxQY2LbrFJtZ5fkJVU7yMjBwvMTMYpxH1snngdNMgovurrg2gKZ_dbX8CShH4.mSYojCi95umWjI2J0x0NpDb8Sv8HK3f2-DWydM1-lqc&dib_tag=se&keywords=water+flask&qid=1708136600&sr=8-276,"xigua Cartoon Space Water Bottle with Straw Lid Vacuum Insulated Stainless Steel Thermo Flask for Sports Cycling Hiking School Home,20 oz.",B0CQCBQD29,https://m.media-amazon.com/images/I/51mCkeGxEkL._AC_UL320_.jpg,$18.99,False,,,8
https://www.amazon.com/xigua-School-Insulated-Stainless-Cycling/dp/B0CQCBH8PW/ref=sr_1_277?dib=eyJ2IjoiMSJ9.oQXE-HnNfp_X57pBpEnYfY3N3jX9HeUrt9zaN7WD7P03J8F3JD0OL64ul_WIThz78besbjZ8iBxtBMan73IY87Xr0-4x5twSgtehL1fq2DAeNS-r8GQ3xZEJWw_kbtw2JYCTZ5-Z2nHrPOOYAayh4nXOfmJxcH8ARQDTfntF7D9kh2TsMCvdEvUOurOLr7MHg9u_BdNLmrTey4ae6FnWOFcwXQEoPUUdTlYZ1G5nNsYGY0VxQY2LbrFJtZ5fkJVU7yMjBwvMTMYpxH1snngdNMgovurrg2gKZ_dbX8CShH4.mSYojCi95umWjI2J0x0NpDb8Sv8HK3f2-DWydM1-lqc&dib_tag=se&keywords=water+flask&qid=1708136600&sr=8-277,"xigua Old School Tattoo Water Bottle with Straw Lid Vacuum Insulated Stainless Steel Thermo Flask for Sports Cycling Hiking School Home,20 oz.",B0CQCBH8PW,https://m.media-amazon.com/images/I/61vsMiY4U1L._AC_UL320_.jpg,$18.99,False,($0.95$0.95/Fl Oz)$0.95,,8
https://www.amazon.com/xigua-African-Insulated-Stainless-Cycling/dp/B0CQCB8JPN/ref=sr_1_278?dib=eyJ2IjoiMSJ9.oQXE-HnNfp_X57pBpEnYfY3N3jX9HeUrt9zaN7WD7P03J8F3JD0OL64ul_WIThz78besbjZ8iBxtBMan73IY87Xr0-4x5twSgtehL1fq2DAeNS-r8GQ3xZEJWw_kbtw2JYCTZ5-Z2nHrPOOYAayh4nXOfmJxcH8ARQDTfntF7D9kh2TsMCvdEvUOurOLr7MHg9u_BdNLmrTey4ae6FnWOFcwXQEoPUUdTlYZ1G5nNsYGY0VxQY2LbrFJtZ5fkJVU7yMjBwvMTMYpxH1snngdNMgovurrg2gKZ_dbX8CShH4.mSYojCi95umWjI2J0x0NpDb8Sv8HK3f2-DWydM1-lqc&dib_tag=se&keywords=water+flask&qid=1708136600&sr=8-278,"xigua African Animal Water Bottle with Straw Lid Vacuum Insulated Stainless Steel Thermo Flask for Sports Cycling Hiking School Home,20 oz.",B0CQCB8JPN,https://m.media-amazon.com/images/I/51glKoem6rL._AC_UL320_.jpg,$18.99,False,($0.95$0.95/Fl Oz)$0.95,,8
https://www.amazon.com/xigua-Strawberries-Insulated-Stainless-Cycling/dp/B0CQCB3NW9/ref=sr_1_279?dib=eyJ2IjoiMSJ9.oQXE-HnNfp_X57pBpEnYfY3N3jX9HeUrt9zaN7WD7P03J8F3JD0OL64ul_WIThz78besbjZ8iBxtBMan73IY87Xr0-4x5twSgtehL1fq2DAeNS-r8GQ3xZEJWw_kbtw2JYCTZ5-Z2nHrPOOYAayh4nXOfmJxcH8ARQDTfntF7D9kh2TsMCvdEvUOurOLr7MHg9u_BdNLmrTey4ae6FnWOFcwXQEoPUUdTlYZ1G5nNsYGY0VxQY2LbrFJtZ5fkJVU7yMjBwvMTMYpxH1snngdNMgovurrg2gKZ_dbX8CShH4.mSYojCi95umWjI2J0x0NpDb8Sv8HK3f2-DWydM1-lqc&dib_tag=se&keywords=water+flask&qid=1708136600&sr=8-279,"xigua Strawberries Water Bottle with Straw Lid Vacuum Insulated Stainless Steel Thermo Flask for Sports Cycling Hiking School Home,20 oz.",B0CQCB3NW9,https://m.media-amazon.com/images/I/51eh7h5oZoL._AC_UL320_.jpg,$18.99,False,($0.95$0.95/Fl Oz)$0.95,,8
https://www.amazon.com/xigua-Cartoon-Insulated-Stainless-Cycling/dp/B0CQC9Z6RJ/ref=sr_1_280?dib=eyJ2IjoiMSJ9.oQXE-HnNfp_X57pBpEnYfY3N3jX9HeUrt9zaN7WD7P03J8F3JD0OL64ul_WIThz78besbjZ8iBxtBMan73IY87Xr0-4x5twSgtehL1fq2DAeNS-r8GQ3xZEJWw_kbtw2JYCTZ5-Z2nHrPOOYAayh4nXOfmJxcH8ARQDTfntF7D9kh2TsMCvdEvUOurOLr7MHg9u_BdNLmrTey4ae6FnWOFcwXQEoPUUdTlYZ1G5nNsYGY0VxQY2LbrFJtZ5fkJVU7yMjBwvMTMYpxH1snngdNMgovurrg2gKZ_dbX8CShH4.mSYojCi95umWjI2J0x0NpDb8Sv8HK3f2-DWydM1-lqc&dib_tag=se&keywords=water+flask&qid=1708136600&sr=8-280,"xigua Cute Cartoon Dragon Water Bottle with Straw Lid Vacuum Insulated Stainless Steel Thermo Flask for Sports Cycling Hiking School Home,20 oz.",B0CQC9Z6RJ,https://m.media-amazon.com/images/I/51oKuz0m3+L._AC_UL320_.jpg,$18.99,False,,,8
https://www.amazon.com/xigua-Cartoon-Insulated-Stainless-Cycling/dp/B0CQC8T8J5/ref=sr_1_281?dib=eyJ2IjoiMSJ9.oQXE-HnNfp_X57pBpEnYfY3N3jX9HeUrt9zaN7WD7P03J8F3JD0OL64ul_WIThz78besbjZ8iBxtBMan73IY87Xr0-4x5twSgtehL1fq2DAeNS-r8GQ3xZEJWw_kbtw2JYCTZ5-Z2nHrPOOYAayh4nXOfmJxcH8ARQDTfntF7D9kh2TsMCvdEvUOurOLr7MHg9u_BdNLmrTey4ae6FnWOFcwXQEoPUUdTlYZ1G5nNsYGY0VxQY2LbrFJtZ5fkJVU7yMjBwvMTMYpxH1snngdNMgovurrg2gKZ_dbX8CShH4.mSYojCi95umWjI2J0x0NpDb8Sv8HK3f2-DWydM1-lqc&dib_tag=se&keywords=water+flask&qid=1708136600&sr=8-281,"xigua Cute Cartoon Sheep Water Bottle with Straw Lid Vacuum Insulated Stainless Steel Thermo Flask for Sports Cycling Hiking School Home,20 oz.",B0CQC8T8J5,https://m.media-amazon.com/images/I/51+2y+H7V1L._AC_UL320_.jpg,$18.99,False,($0.95$0.95/Fl Oz)$0.95,,8
https://www.amazon.com/xigua-Rabbit-Insulated-Stainless-Cycling/dp/B0CQC8SVDY/ref=sr_1_282?dib=eyJ2IjoiMSJ9.oQXE-HnNfp_X57pBpEnYfY3N3jX9HeUrt9zaN7WD7P03J8F3JD0OL64ul_WIThz78besbjZ8iBxtBMan73IY87Xr0-4x5twSgtehL1fq2DAeNS-r8GQ3xZEJWw_kbtw2JYCTZ5-Z2nHrPOOYAayh4nXOfmJxcH8ARQDTfntF7D9kh2TsMCvdEvUOurOLr7MHg9u_BdNLmrTey4ae6FnWOFcwXQEoPUUdTlYZ1G5nNsYGY0VxQY2LbrFJtZ5fkJVU7yMjBwvMTMYpxH1snngdNMgovurrg2gKZ_dbX8CShH4.mSYojCi95umWjI2J0x0NpDb8Sv8HK3f2-DWydM1-lqc&dib_tag=se&keywords=water+flask&qid=1708136600&sr=8-282,"xigua Cute Rabbit Face Water Bottle with Straw Lid Vacuum Insulated Stainless Steel Thermo Flask for Sports Cycling Hiking School Home,20 oz.",B0CQC8SVDY,https://m.media-amazon.com/images/I/51rd4pL12JL._AC_UL320_.jpg,$18.99,False,($0.95$0.95/Fl Oz)$0.95,,8
https://www.amazon.com/xigua-Flowers-Pattern-Insulated-Stainless/dp/B0CQC8C1PT/ref=sr_1_283?dib=eyJ2IjoiMSJ9.oQXE-HnNfp_X57pBpEnYfY3N3jX9HeUrt9zaN7WD7P03J8F3JD0OL64ul_WIThz78besbjZ8iBxtBMan73IY87Xr0-4x5twSgtehL1fq2DAeNS-r8GQ3xZEJWw_kbtw2JYCTZ5-Z2nHrPOOYAayh4nXOfmJxcH8ARQDTfntF7D9kh2TsMCvdEvUOurOLr7MHg9u_BdNLmrTey4ae6FnWOFcwXQEoPUUdTlYZ1G5nNsYGY0VxQY2LbrFJtZ5fkJVU7yMjBwvMTMYpxH1snngdNMgovurrg2gKZ_dbX8CShH4.mSYojCi95umWjI2J0x0NpDb8Sv8HK3f2-DWydM1-lqc&dib_tag=se&keywords=water+flask&qid=1708136600&sr=8-283,"xigua Garden Flowers Pattern Water Bottle with Straw Lid Vacuum Insulated Stainless Steel Thermo Flask for Sports Cycling Hiking School Home,20 oz.",B0CQC8C1PT,https://m.media-amazon.com/images/I/61N0rx5XRXL._AC_UL320_.jpg,$18.99,False,,,8
https://www.amazon.com/xigua-Unicorn-Insulated-Stainless-Cycling/dp/B0CQC6HJ41/ref=sr_1_284?dib=eyJ2IjoiMSJ9.oQXE-HnNfp_X57pBpEnYfY3N3jX9HeUrt9zaN7WD7P03J8F3JD0OL64ul_WIThz78besbjZ8iBxtBMan73IY87Xr0-4x5twSgtehL1fq2DAeNS-r8GQ3xZEJWw_kbtw2JYCTZ5-Z2nHrPOOYAayh4nXOfmJxcH8ARQDTfntF7D9kh2TsMCvdEvUOurOLr7MHg9u_BdNLmrTey4ae6FnWOFcwXQEoPUUdTlYZ1G5nNsYGY0VxQY2LbrFJtZ5fkJVU7yMjBwvMTMYpxH1snngdNMgovurrg2gKZ_dbX8CShH4.mSYojCi95umWjI2J0x0NpDb8Sv8HK3f2-DWydM1-lqc&dib_tag=se&keywords=water+flask&qid=1708136600&sr=8-284,"xigua Unicorn Pink Water Bottle with Straw Lid Vacuum Insulated Stainless Steel Thermo Flask for Sports Cycling Hiking School Home,20 oz.",B0CQC6HJ41,https://m.media-amazon.com/images/I/519A7c8PlxL._AC_UL320_.jpg,$18.99,False,($0.95$0.95/Fl Oz)$0.95,,8
https://www.amazon.com/xigua-Fruits-Insulated-Stainless-Cycling/dp/B0CQC5R47F/ref=sr_1_285?dib=eyJ2IjoiMSJ9.oQXE-HnNfp_X57pBpEnYfY3N3jX9HeUrt9zaN7WD7P03J8F3JD0OL64ul_WIThz78besbjZ8iBxtBMan73IY87Xr0-4x5twSgtehL1fq2DAeNS-r8GQ3xZEJWw_kbtw2JYCTZ5-Z2nHrPOOYAayh4nXOfmJxcH8ARQDTfntF7D9kh2TsMCvdEvUOurOLr7MHg9u_BdNLmrTey4ae6FnWOFcwXQEoPUUdTlYZ1G5nNsYGY0VxQY2LbrFJtZ5fkJVU7yMjBwvMTMYpxH1snngdNMgovurrg2gKZ_dbX8CShH4.mSYojCi95umWjI2J0x0NpDb8Sv8HK3f2-DWydM1-lqc&dib_tag=se&keywords=water+flask&qid=1708136600&sr=8-285,"xigua Fruits Water Bottle with Straw Lid Vacuum Insulated Stainless Steel Thermo Flask for Sports Cycling Hiking School Home,20 oz.",B0CQC5R47F,https://m.media-amazon.com/images/I/61TjwZaHaBL._AC_UL320_.jpg,$18.99,False,($0.95$0.95/Fl Oz)$0.95,,8
https://www.amazon.com/xigua-Watercolor-Hedgehog-Insulated-Stainless/dp/B0CQC5NPF4/ref=sr_1_286?dib=eyJ2IjoiMSJ9.oQXE-HnNfp_X57pBpEnYfY3N3jX9HeUrt9zaN7WD7P03J8F3JD0OL64ul_WIThz78besbjZ8iBxtBMan73IY87Xr0-4x5twSgtehL1fq2DAeNS-r8GQ3xZEJWw_kbtw2JYCTZ5-Z2nHrPOOYAayh4nXOfmJxcH8ARQDTfntF7D9kh2TsMCvdEvUOurOLr7MHg9u_BdNLmrTey4ae6FnWOFcwXQEoPUUdTlYZ1G5nNsYGY0VxQY2LbrFJtZ5fkJVU7yMjBwvMTMYpxH1snngdNMgovurrg2gKZ_dbX8CShH4.mSYojCi95umWjI2J0x0NpDb8Sv8HK3f2-DWydM1-lqc&dib_tag=se&keywords=water+flask&qid=1708136600&sr=8-286,"xigua Watercolor Hedgehog Water Bottle with Straw Lid Vacuum Insulated Stainless Steel Thermo Flask for Sports Cycling Hiking School Home,20 oz.",B0CQC5NPF4,https://m.media-amazon.com/images/I/51XNeWKeN9L._AC_UL320_.jpg,$18.99,False,,,8
https://www.amazon.com/xigua-Bottle-Insulated-Stainless-Cycling/dp/B0CQC55PZ7/ref=sr_1_287?dib=eyJ2IjoiMSJ9.oQXE-HnNfp_X57pBpEnYfY3N3jX9HeUrt9zaN7WD7P03J8F3JD0OL64ul_WIThz78besbjZ8iBxtBMan73IY87Xr0-4x5twSgtehL1fq2DAeNS-r8GQ3xZEJWw_kbtw2JYCTZ5-Z2nHrPOOYAayh4nXOfmJxcH8ARQDTfntF7D9kh2TsMCvdEvUOurOLr7MHg9u_BdNLmrTey4ae6FnWOFcwXQEoPUUdTlYZ1G5nNsYGY0VxQY2LbrFJtZ5fkJVU7yMjBwvMTMYpxH1snngdNMgovurrg2gKZ_dbX8CShH4.mSYojCi95umWjI2J0x0NpDb8Sv8HK3f2-DWydM1-lqc&dib_tag=se&keywords=water+flask&qid=1708136600&sr=8-287,"xigua Cute Polar Bear Water Bottle with Straw Lid Vacuum Insulated Stainless Steel Thermo Flask for Sports Cycling Hiking School Home,20 oz.",B0CQC55PZ7,https://m.media-amazon.com/images/I/519ULDWNW5L._AC_UL320_.jpg,$18.99,False,($0.95$0.95/Fl Oz)$0.95,,8
https://www.amazon.com/xigua-Monkey-Insulated-Stainless-Cycling/dp/B0CQC356ML/ref=sr_1_288?dib=eyJ2IjoiMSJ9.oQXE-HnNfp_X57pBpEnYfY3N3jX9HeUrt9zaN7WD7P03J8F3JD0OL64ul_WIThz78besbjZ8iBxtBMan73IY87Xr0-4x5twSgtehL1fq2DAeNS-r8GQ3xZEJWw_kbtw2JYCTZ5-Z2nHrPOOYAayh4nXOfmJxcH8ARQDTfntF7D9kh2TsMCvdEvUOurOLr7MHg9u_BdNLmrTey4ae6FnWOFcwXQEoPUUdTlYZ1G5nNsYGY0VxQY2LbrFJtZ5fkJVU7yMjBwvMTMYpxH1snngdNMgovurrg2gKZ_dbX8CShH4.mSYojCi95umWjI2J0x0NpDb8Sv8HK3f2-DWydM1-lqc&dib_tag=se&keywords=water+flask&qid=1708136600&sr=8-288,"xigua Monkey Banana Water Bottle with Straw Lid Vacuum Insulated Stainless Steel Thermo Flask for Sports Cycling Hiking School Home,20 oz.",B0CQC356ML,https://m.media-amazon.com/images/I/61piiqnKb4L._AC_UL320_.jpg,$18.99,False,,,8
https://www.amazon.com/Insulated-Stainless-Bottle-23-6oz-Vacuum/dp/B0CKNCZF92/ref=sr_1_289?dib=eyJ2IjoiMSJ9.4p2L_DeBsqlLb8qIxHMY0RbVwqxJXdDpjTKRwGJZi_GpWNidA47Tx4WYI1P3Ink6l_M2chzFF--76V-HVC48Q3VgcrEx2Do0VeW-SJT-Aycpje2-bISkc9d4aWKPYITJhr2Tdo-7VN0RL0yQVworWIypZxUAwIGIegUhuQ-yrTtri8ufXbG-zFFFt4mx87AJaNOLJ5ISiNlJpBQEDlVFEp_QtFH_pnm1B748mQzFAMJBA_1pGaXjHIUAfdpiNiRTjn-6BLUv5k4ksaHhbFHxDg.SggRASfINm2wfnAHh0u6lSLm6uTWfCAqtlHKq-7yyEc&dib_tag=se&keywords=water+flask&qid=1708137105&sr=8-289,"Stainless Steel thermo Bottles with cup 700ml/23.6oz Vacuum Insulated Bottle for hot and cold coffee drink water thermo flask with cup.(Purple,700ml)",B0CKNCZF92,https://m.media-amazon.com/images/I/61DvwLEjunL._AC_UL320_.jpg,$18.99,True,,4.3 out of 5 stars,144
https://www.amazon.com/Fitly-FLASKS-Combo-Hydration-Collapsible/dp/B08NNGYF46/ref=sr_1_290?dib=eyJ2IjoiMSJ9.4p2L_DeBsqlLb8qIxHMY0RbVwqxJXdDpjTKRwGJZi_GpWNidA47Tx4WYI1P3Ink6l_M2chzFF--76V-HVC48Q3VgcrEx2Do0VeW-SJT-Aycpje2-bISkc9d4aWKPYITJhr2Tdo-7VN0RL0yQVworWIypZxUAwIGIegUhuQ-yrTtri8ufXbG-zFFFt4mx87AJaNOLJ5ISiNlJpBQEDlVFEp_QtFH_pnm1B748mQzFAMJBA_1pGaXjHIUAfdpiNiRTjn-6BLUv5k4ksaHhbFHxDg.SggRASfINm2wfnAHh0u6lSLm6uTWfCAqtlHKq-7yyEc&dib_tag=se&keywords=water+flask&qid=1708137105&sr=8-290,"Soft Flask 3 Pack - 5 oz (150 ml), 8.5oz (250ml), & 13.5oz (400ml) - Shrink As You Drink Soft Water Bottle for Hydration Pack - Folding Water Bottle For Running & Hiking - Running Water Bottle",B08NNGYF46,https://m.media-amazon.com/images/I/6156SLv3BcL._AC_UL320_.jpg,$29.99,True,,4.3 out of 5 stars,38
https://www.amazon.com/IRON-%C2%B0FLASK-Sports-Water-Bottle/dp/B09GKR6TVZ/ref=sr_1_291?dib=eyJ2IjoiMSJ9.4p2L_DeBsqlLb8qIxHMY0RbVwqxJXdDpjTKRwGJZi_GpWNidA47Tx4WYI1P3Ink6l_M2chzFF--76V-HVC48Q3VgcrEx2Do0VeW-SJT-Aycpje2-bISkc9d4aWKPYITJhr2Tdo-7VN0RL0yQVworWIypZxUAwIGIegUhuQ-yrTtri8ufXbG-zFFFt4mx87AJaNOLJ5ISiNlJpBQEDlVFEp_QtFH_pnm1B748mQzFAMJBA_1pGaXjHIUAfdpiNiRTjn-6BLUv5k4ksaHhbFHxDg.SggRASfINm2wfnAHh0u6lSLm6uTWfCAqtlHKq-7yyEc&dib_tag=se&keywords=water+flask&qid=1708137105&sr=8-291,"IRON Â°FLASK Sports Water Bottle - 128 Oz/One Gallon, 2 Lids, Straw and Spout, Leak Proof, Vacuum Insulated Stainless Steel, Hot Cold, Double Walled, Simple Thermo Mug, Metal Canteen Jug Growler",B09GKR6TVZ,https://m.media-amazon.com/images/I/61XZlq5GWLL._AC_UL320_.jpg,$65.95,True,,4.7 out of 5 stars,2118
https://www.amazon.com/Better-Life-Innovations-ThermoProof-Bottle-22oz/dp/B0CCXCCWTX/ref=sr_1_292?dib=eyJ2IjoiMSJ9.4p2L_DeBsqlLb8qIxHMY0RbVwqxJXdDpjTKRwGJZi_GpWNidA47Tx4WYI1P3Ink6l_M2chzFF--76V-HVC48Q3VgcrEx2Do0VeW-SJT-Aycpje2-bISkc9d4aWKPYITJhr2Tdo-7VN0RL0yQVworWIypZxUAwIGIegUhuQ-yrTtri8ufXbG-zFFFt4mx87AJaNOLJ5ISiNlJpBQEDlVFEp_QtFH_pnm1B748mQzFAMJBA_1pGaXjHIUAfdpiNiRTjn-6BLUv5k4ksaHhbFHxDg.SggRASfINm2wfnAHh0u6lSLm6uTWfCAqtlHKq-7yyEc&dib_tag=se&keywords=water+flask&qid=1708137105&sr=8-292,"Thermo Proof Hot & Cold Insulated Stainless Steel Water Bottle, Durable Leak Proof Gym Bottles for Men, Women & Kids, Double Walled Vacuum Bottles - 2 Lids 22oz",B0CCXCCWTX,https://m.media-amazon.com/images/I/71T1yQZxWJL._AC_UL320_.jpg,$22.95,True,10% coupon applied at checkoutSave 10% with coupon$24.95,4.7 out of 5 stars,54
https://www.amazon.com/Reebok-Stainless-Bottle-Athletic-Design/dp/B0C9L73KL1/ref=sr_1_293?dib=eyJ2IjoiMSJ9.4p2L_DeBsqlLb8qIxHMY0RbVwqxJXdDpjTKRwGJZi_GpWNidA47Tx4WYI1P3Ink6l_M2chzFF--76V-HVC48Q3VgcrEx2Do0VeW-SJT-Aycpje2-bISkc9d4aWKPYITJhr2Tdo-7VN0RL0yQVworWIypZxUAwIGIegUhuQ-yrTtri8ufXbG-zFFFt4mx87AJaNOLJ5ISiNlJpBQEDlVFEp_QtFH_pnm1B748mQzFAMJBA_1pGaXjHIUAfdpiNiRTjn-6BLUv5k4ksaHhbFHxDg.SggRASfINm2wfnAHh0u6lSLm6uTWfCAqtlHKq-7yyEc&dib_tag=se&keywords=water+flask&qid=1708137105&sr=8-293,"Reebok Athletic Stainless Steel Water Bottle - Insulated Water Bottle 32 oz With Chug Lid - Double Wall Vacuum Insulated Sports Water Bottle, BPA Free",B0C9L73KL1,https://m.media-amazon.com/images/I/71AyaG8ZUTL._AC_UL320_.jpg,$15.99,True,List:$24.99,4.3 out of 5 stars,72
https://www.amazon.com/Bottle-10-8oz-Thermos-Insulated-Tumblers/dp/B0C4B6VZ1B/ref=sr_1_294?dib=eyJ2IjoiMSJ9.4p2L_DeBsqlLb8qIxHMY0RbVwqxJXdDpjTKRwGJZi_GpWNidA47Tx4WYI1P3Ink6l_M2chzFF--76V-HVC48Q3VgcrEx2Do0VeW-SJT-Aycpje2-bISkc9d4aWKPYITJhr2Tdo-7VN0RL0yQVworWIypZxUAwIGIegUhuQ-yrTtri8ufXbG-zFFFt4mx87AJaNOLJ5ISiNlJpBQEDlVFEp_QtFH_pnm1B748mQzFAMJBA_1pGaXjHIUAfdpiNiRTjn-6BLUv5k4ksaHhbFHxDg.SggRASfINm2wfnAHh0u6lSLm6uTWfCAqtlHKq-7yyEc&dib_tag=se&keywords=water+flask&qid=1708137105&sr=8-294,Mini Water Bottle 10.8oz/320ml Travel Coffee Mug with Handle Thermos for Hot and Cold Drinks Insulated Tumblers for Women Vacuum Sealed Flask Pink,B0C4B6VZ1B,https://m.media-amazon.com/images/I/51z7CN19T4L._AC_UL320_.jpg,$9.99,True,5% coupon applied at checkoutSave 5% with coupon,4.0 out of 5 stars,13
https://www.amazon.com/koodee-Stainless-Double-Vacuum-Insulated/dp/B09ZY157QQ/ref=sr_1_295?dib=eyJ2IjoiMSJ9.4p2L_DeBsqlLb8qIxHMY0RbVwqxJXdDpjTKRwGJZi_GpWNidA47Tx4WYI1P3Ink6l_M2chzFF--76V-HVC48Q3VgcrEx2Do0VeW-SJT-Aycpje2-bISkc9d4aWKPYITJhr2Tdo-7VN0RL0yQVworWIypZxUAwIGIegUhuQ-yrTtri8ufXbG-zFFFt4mx87AJaNOLJ5ISiNlJpBQEDlVFEp_QtFH_pnm1B748mQzFAMJBA_1pGaXjHIUAfdpiNiRTjn-6BLUv5k4ksaHhbFHxDg.SggRASfINm2wfnAHh0u6lSLm6uTWfCAqtlHKq-7yyEc&dib_tag=se&keywords=water+flask&qid=1708137105&sr=8-295,"koodee 9 oz Stainless Steel Double Wall Vacuum Insulated Water Bottle, Water Bottle for School, Cola Shape Leak Proof Sports Flask (Canyon Red)",B09ZY157QQ,https://m.media-amazon.com/images/I/71XhpsOVIdL._AC_UL320_.jpg,3 sizes,True,,4.7 out of 5 stars,1262
https://www.amazon.com/Akyta-Insulated-Leakproof-Stainless-Thermos/dp/B09B7BTKDW/ref=sr_1_296?dib=eyJ2IjoiMSJ9.4p2L_DeBsqlLb8qIxHMY0RbVwqxJXdDpjTKRwGJZi_GpWNidA47Tx4WYI1P3Ink6l_M2chzFF--76V-HVC48Q3VgcrEx2Do0VeW-SJT-Aycpje2-bISkc9d4aWKPYITJhr2Tdo-7VN0RL0yQVworWIypZxUAwIGIegUhuQ-yrTtri8ufXbG-zFFFt4mx87AJaNOLJ5ISiNlJpBQEDlVFEp_QtFH_pnm1B748mQzFAMJBA_1pGaXjHIUAfdpiNiRTjn-6BLUv5k4ksaHhbFHxDg.SggRASfINm2wfnAHh0u6lSLm6uTWfCAqtlHKq-7yyEc&dib_tag=se&keywords=water+flask&qid=1708137105&sr=8-296,"24 OZ Water Bottle, Sports Vacuum Insulated Water Bottle with Straw lid, Keep Water cold/Hot, Double Walled Stainless Steel, Leakproof Wide Mouth Thermos Metal Water Bottle",B09B7BTKDW,https://m.media-amazon.com/images/I/61R8yPclJlL._AC_UL320_.jpg,$18.99,True,Join Prime to buy this item at $14.99,4.5 out of 5 stars,1017
https://www.amazon.com/PARACITY-Insulated-Stainless-Bottles-Thermos/dp/B0C1BZ14ZQ/ref=sr_1_297?dib=eyJ2IjoiMSJ9.4p2L_DeBsqlLb8qIxHMY0RbVwqxJXdDpjTKRwGJZi_GpWNidA47Tx4WYI1P3Ink6l_M2chzFF--76V-HVC48Q3VgcrEx2Do0VeW-SJT-Aycpje2-bISkc9d4aWKPYITJhr2Tdo-7VN0RL0yQVworWIypZxUAwIGIegUhuQ-yrTtri8ufXbG-zFFFt4mx87AJaNOLJ5ISiNlJpBQEDlVFEp_QtFH_pnm1B748mQzFAMJBA_1pGaXjHIUAfdpiNiRTjn-6BLUv5k4ksaHhbFHxDg.SggRASfINm2wfnAHh0u6lSLm6uTWfCAqtlHKq-7yyEc&dib_tag=se&keywords=water+flask&qid=1708137105&sr=8-297,"PARACITY Insulated Water Bottle, 17 oz Stainless Steel Water Bottles, Double Wall Vacuum Hot Drinks Thermos, Metal Water Bottle Keeps Hot for 12 Hrs, Cold for 24 Hrs, for Coffee, Tea",B0C1BZ14ZQ,https://m.media-amazon.com/images/I/61-r0peH7JL._AC_UL320_.jpg,$7.99,True,List:$9.99,4.4 out of 5 stars,153
https://www.amazon.com/BlackFlat-Bottle-Portable-Plastic-Travel/dp/B0CQ8CKPL1/ref=sr_1_298?dib=eyJ2IjoiMSJ9.4p2L_DeBsqlLb8qIxHMY0RbVwqxJXdDpjTKRwGJZi_GpWNidA47Tx4WYI1P3Ink6l_M2chzFF--76V-HVC48Q3VgcrEx2Do0VeW-SJT-Aycpje2-bISkc9d4aWKPYITJhr2Tdo-7VN0RL0yQVworWIypZxUAwIGIegUhuQ-yrTtri8ufXbG-zFFFt4mx87AJaNOLJ5ISiNlJpBQEDlVFEp_QtFH_pnm1B748mQzFAMJBA_1pGaXjHIUAfdpiNiRTjn-6BLUv5k4ksaHhbFHxDg.SggRASfINm2wfnAHh0u6lSLm6uTWfCAqtlHKq-7yyEc&dib_tag=se&keywords=water+flask&qid=1708137105&sr=8-298,BlackFlat Water Bottle Portable Plastic Slim Cold Flask Travel Mug 13oz Fit,B0CQ8CKPL1,https://m.media-amazon.com/images/I/51xFKPwQYGL._AC_UL320_.jpg,$25.99,False,,,29
https://www.amazon.com/XccMe-Stainless-Insulated-replacement-Stickers/dp/B0CGX94GFV/ref=sr_1_299?dib=eyJ2IjoiMSJ9.4p2L_DeBsqlLb8qIxHMY0RbVwqxJXdDpjTKRwGJZi_GpWNidA47Tx4WYI1P3Ink6l_M2chzFF--76V-HVC48Q3VgcrEx2Do0VeW-SJT-Aycpje2-bISkc9d4aWKPYITJhr2Tdo-7VN0RL0yQVworWIypZxUAwIGIegUhuQ-yrTtri8ufXbG-zFFFt4mx87AJaNOLJ5ISiNlJpBQEDlVFEp_QtFH_pnm1B748mQzFAMJBA_1pGaXjHIUAfdpiNiRTjn-6BLUv5k4ksaHhbFHxDg.SggRASfINm2wfnAHh0u6lSLm6uTWfCAqtlHKq-7yyEc&dib_tag=se&keywords=water+flask&qid=1708137105&sr=8-299,"Stainless Steel Kids Water Bottle,12 oz Water Bottles for School Kids,Insulated Metal Water Bottle Kids with Straw,2 replacement Lid,Straw Brush,Cute Stickers,for Boys Girls Water Bottle",B0CGX94GFV,https://m.media-amazon.com/images/I/71tupRcVzSL._AC_UL320_.jpg,$12.99,True,,4.4 out of 5 stars,51
https://www.amazon.com/BJPKPK-Insulated-Bottle-Leakproof-Stainless/dp/B09ZKS6SB7/ref=sr_1_300?dib=eyJ2IjoiMSJ9.4p2L_DeBsqlLb8qIxHMY0RbVwqxJXdDpjTKRwGJZi_GpWNidA47Tx4WYI1P3Ink6l_M2chzFF--76V-HVC48Q3VgcrEx2Do0VeW-SJT-Aycpje2-bISkc9d4aWKPYITJhr2Tdo-7VN0RL0yQVworWIypZxUAwIGIegUhuQ-yrTtri8ufXbG-zFFFt4mx87AJaNOLJ5ISiNlJpBQEDlVFEp_QtFH_pnm1B748mQzFAMJBA_1pGaXjHIUAfdpiNiRTjn-6BLUv5k4ksaHhbFHxDg.SggRASfINm2wfnAHh0u6lSLm6uTWfCAqtlHKq-7yyEc&dib_tag=se&keywords=water+flask&qid=1708137105&sr=8-300,"BJPKPK Half Gallon Water Bottle with Handle, Insulated, Dishwasher Safe 64oz Leakproof BPA Free Jug, Large Stainless Steel for Sports, Grey",B09ZKS6SB7,https://m.media-amazon.com/images/I/61Jzv5kYmML._AC_UL320_.jpg,$19.62,True,Typical:$26.23,4.4 out of 5 stars,1683
https://www.amazon.com/KAIHOYI-Insulated-Water-Bottles-Infuser-Leak-proof/dp/B0CQ2JQJ7K/ref=sr_1_301?dib=eyJ2IjoiMSJ9.4p2L_DeBsqlLb8qIxHMY0RbVwqxJXdDpjTKRwGJZi_GpWNidA47Tx4WYI1P3Ink6l_M2chzFF--76V-HVC48Q3VgcrEx2Do0VeW-SJT-Aycpje2-bISkc9d4aWKPYITJhr2Tdo-7VN0RL0yQVworWIypZxUAwIGIegUhuQ-yrTtri8ufXbG-zFFFt4mx87AJaNOLJ5ISiNlJpBQEDlVFEp_QtFH_pnm1B748mQzFAMJBA_1pGaXjHIUAfdpiNiRTjn-6BLUv5k4ksaHhbFHxDg.SggRASfINm2wfnAHh0u6lSLm6uTWfCAqtlHKq-7yyEc&dib_tag=se&keywords=water+flask&qid=1708137105&sr=8-301,"64OZ Insulated Water-Bottles with Strap, Straw/Fruit Infuser Lid, Half Gallon Vacuum Insulated Water Flask Jug, Leak-proof Large Sports Jug for Outdoor Travel Camping Hiking Biking",B0CQ2JQJ7K,https://m.media-amazon.com/images/I/81ah1KO0dAL._AC_UL320_.jpg,$39.99,True,,5.0 out of 5 stars,4
https://www.amazon.com/Senior-Collapsible-Silicone-Bottles-Lightweight/dp/B07XL8NPQS/ref=sr_1_302?dib=eyJ2IjoiMSJ9.4p2L_DeBsqlLb8qIxHMY0RbVwqxJXdDpjTKRwGJZi_GpWNidA47Tx4WYI1P3Ink6l_M2chzFF--76V-HVC48Q3VgcrEx2Do0VeW-SJT-Aycpje2-bISkc9d4aWKPYITJhr2Tdo-7VN0RL0yQVworWIypZxUAwIGIegUhuQ-yrTtri8ufXbG-zFFFt4mx87AJaNOLJ5ISiNlJpBQEDlVFEp_QtFH_pnm1B748mQzFAMJBA_1pGaXjHIUAfdpiNiRTjn-6BLUv5k4ksaHhbFHxDg.SggRASfINm2wfnAHh0u6lSLm6uTWfCAqtlHKq-7yyEc&dib_tag=se&keywords=water+flask&qid=1708137105&sr=8-302,Collapsible Water Bottle BPA Free - 20 oz Foldable Water Bottle for Travel Sports Bottles with Triple Leak Proof Lightweight (Black),B07XL8NPQS,https://m.media-amazon.com/images/I/517v8s4LWQL._AC_UL320_.jpg,3 sizes,True,($0.55$0.55/Fl Oz)$0.55,4.0 out of 5 stars,2582
https://www.amazon.com/HUMIGO-Insulated-Stainless-Camping-1033-900/dp/B0CF9CYQ8Y/ref=sr_1_303?dib=eyJ2IjoiMSJ9.4p2L_DeBsqlLb8qIxHMY0RbVwqxJXdDpjTKRwGJZi_GpWNidA47Tx4WYI1P3Ink6l_M2chzFF--76V-HVC48Q3VgcrEx2Do0VeW-SJT-Aycpje2-bISkc9d4aWKPYITJhr2Tdo-7VN0RL0yQVworWIypZxUAwIGIegUhuQ-yrTtri8ufXbG-zFFFt4mx87AJaNOLJ5ISiNlJpBQEDlVFEp_QtFH_pnm1B748mQzFAMJBA_1pGaXjHIUAfdpiNiRTjn-6BLUv5k4ksaHhbFHxDg.SggRASfINm2wfnAHh0u6lSLm6uTWfCAqtlHKq-7yyEc&dib_tag=se&keywords=water+flask&qid=1708137105&sr=8-303,"Insulated Water Bottle, 30oz BPA Free Stainless Steel Water Bottle, Sports Water Bottle with Double Walled, 2 Lids Wide Mouth Flask Water Bottle for Camping/Outdoor, 1033-900 (Black)",B0CF9CYQ8Y,https://m.media-amazon.com/images/I/61Iged6LWtL._AC_UL320_.jpg,$13.99,True,,5.0 out of 5 stars,2
https://www.amazon.com/BOLANI-MagSafe-Compatible-Bottle-iPhone/dp/B0CB4WMBX5/ref=sr_1_304?dib=eyJ2IjoiMSJ9.4p2L_DeBsqlLb8qIxHMY0RbVwqxJXdDpjTKRwGJZi_GpWNidA47Tx4WYI1P3Ink6l_M2chzFF--76V-HVC48Q3VgcrEx2Do0VeW-SJT-Aycpje2-bISkc9d4aWKPYITJhr2Tdo-7VN0RL0yQVworWIypZxUAwIGIegUhuQ-yrTtri8ufXbG-zFFFt4mx87AJaNOLJ5ISiNlJpBQEDlVFEp_QtFH_pnm1B748mQzFAMJBA_1pGaXjHIUAfdpiNiRTjn-6BLUv5k4ksaHhbFHxDg.SggRASfINm2wfnAHh0u6lSLm6uTWfCAqtlHKq-7yyEc&dib_tag=se&keywords=water+flask&qid=1708137105&sr=8-304,MagSafe Compatible Water Bottle for iPhone - Stainless Steel Gym & Sports Bottle for Men and Women - Spout Lid - Insulated Double Walled - Leak Proof Thermos - 24 oz (Pink),B0CB4WMBX5,https://m.media-amazon.com/images/I/61Yh4SC-RfL._AC_UL320_.jpg,$24.99,True,List:$39.99,4.1 out of 5 stars,4
https://www.amazon.com/Dione-Stainless-Insulation-Container-Standard/dp/B07C8CCWQW/ref=sr_1_305?dib=eyJ2IjoiMSJ9.4p2L_DeBsqlLb8qIxHMY0RbVwqxJXdDpjTKRwGJZi_GpWNidA47Tx4WYI1P3Ink6l_M2chzFF--76V-HVC48Q3VgcrEx2Do0VeW-SJT-Aycpje2-bISkc9d4aWKPYITJhr2Tdo-7VN0RL0yQVworWIypZxUAwIGIegUhuQ-yrTtri8ufXbG-zFFFt4mx87AJaNOLJ5ISiNlJpBQEDlVFEp_QtFH_pnm1B748mQzFAMJBA_1pGaXjHIUAfdpiNiRTjn-6BLUv5k4ksaHhbFHxDg.SggRASfINm2wfnAHh0u6lSLm6uTWfCAqtlHKq-7yyEc&dib_tag=se&keywords=water+flask&qid=1708137105&sr=8-305,"Water Bottle 40 oz. Flask Double Wall Stainless Steel & Vacuum Insulated (Black) Sport Hydro Container (Standard Mouth/Leak Proof/BPA Free Cap), (MB000315)",B07C8CCWQW,https://m.media-amazon.com/images/I/51TwrbdPUML._AC_UL320_.jpg,$7.95,True,List:$15.90,4.1 out of 5 stars,266
https://www.amazon.com/LERMX-Hydration-BPA-Free-Running-Climbing-1PCS/dp/B0C9LG97W6/ref=sr_1_306?dib=eyJ2IjoiMSJ9.4p2L_DeBsqlLb8qIxHMY0RbVwqxJXdDpjTKRwGJZi_GpWNidA47Tx4WYI1P3Ink6l_M2chzFF--76V-HVC48Q3VgcrEx2Do0VeW-SJT-Aycpje2-bISkc9d4aWKPYITJhr2Tdo-7VN0RL0yQVworWIypZxUAwIGIegUhuQ-yrTtri8ufXbG-zFFFt4mx87AJaNOLJ5ISiNlJpBQEDlVFEp_QtFH_pnm1B748mQzFAMJBA_1pGaXjHIUAfdpiNiRTjn-6BLUv5k4ksaHhbFHxDg.SggRASfINm2wfnAHh0u6lSLm6uTWfCAqtlHKq-7yyEc&dib_tag=se&keywords=water+flask&qid=1708137105&sr=8-306,"LERMX Quick Grip Chill 22 oz / 650ml TPU soft Flask Water Bottle Hydration Pack BPA-Free Running Flask for Hydration Pack, for Running Hiking Cycling Climbing-1PCS",B0C9LG97W6,https://m.media-amazon.com/images/I/7163CqmWUKL._AC_UL320_.jpg,$9.99,True,,4.1 out of 5 stars,5
